2634 3457
1283 119 1332 158 17

318 234 530 280 tamquam,
552 230 668 280 quasi
692 228 880 280 potuisse,
904 228 1011 267 velut
1030 228 1117 280 pari
1138 228 1253 268 modo
1274 230 1446 269 homines
1467 231 1509 269 in
1529 232 1693 283 speculis
1714 240 1818 281 sunt,
1850 233 2065 283 observant,
2092 238 2130 272 et
2156 234 2197 272 in
2223 233 2297 273 hac

318 301 495 340 custodia
520 308 554 341 et
577 309 777 354 tamquam
796 302 954 354 specula
962 316 976 349 ,-
1002 302 1056 340 ad
1080 301 1241 355 aliquod
1266 309 1465 355 tamquam
1491 304 1783 354 adminiculum,
1816 311 1855 344 et
1879 305 1998 344 nullis
2024 306 2274 346 adminiculis
2283 321 2296 354 ,·

313 373 450 420 frenos
475 380 515 413 et
540 381 740 426 tamquam
752 373 897 424 frenos
923 374 1054 413 dicere
1080 374 1273 414 solebant.

515 444 628 495 Quae
664 446 698 485 si
733 452 839 485 recte
875 445 1141 498 exposuimus,
1179 447 1467 487 consectarium
1497 447 1577 499 fiet,
1610 453 1652 486 ut
1681 454 1862 488 neutrum
1893 448 2101 501 probabile
2128 449 2190 499 sit,
2223 462 2296 488 nec

318 517 368 556 ab
398 517 680 569 interpolatore
710 516 912 569 adscripta
941 531 1028 557 esse
1048 518 1126 557 ista
1147 517 1223 557 duo
1245 519 1448 569 vocabula,
1471 527 1616 558 utentes
1638 526 1676 559 et
1696 528 1906 572 tamquam,
1928 534 2028 572 quae
2049 521 2295 560 certissimus

317 588 504 640 loquendi
537 602 630 627 usus
659 594 801 638 tuetur,
833 602 960 641 neque
990 602 1037 627 ea
1065 603 1136 641 per
1164 589 1358 628 incuriam
1387 591 1540 629 librarii
1562 591 1780 629 deformata
1801 598 1840 630 et
1860 598 2046 643 corrupta
2067 606 2154 630 esse
2175 606 2224 630 ex
2245 592 2294 630 iis

318 673 417 710 quae
454 659 621 710 scriptor
656 665 853 711 posuerat.
894 659 950 699 Ut
979 673 1051 699 nec
1080 660 1160 700 illis
1191 661 1489 701 assentiendum
1526 663 1578 701 sit
1607 663 1675 713 qui
1705 662 1801 701 haec
1832 663 1908 702 duo
1940 669 1982 702 ut
2011 663 2113 702 falsa
2143 663 2295 702 addit-a-

317 736 452 770 menta
481 729 696 770 excludunt
724 744 852 784 neque
883 731 919 771 ei
950 731 984 771 si
1013 731 1081 784 qui
1112 732 1360 773 emendando
1391 746 1440 772 ex
1469 733 1519 773 iis
1550 734 1741 773 suscitare
1772 734 1904 786 cupiat
1933 734 2038 786 quod
2070 748 2205 773 verum
2228 734 2292 773 sit.

317 802 451 853 Quare
481 817 530 842 ne
550 803 745 855 Madvigii
775 804 934 856 quidem
965 805 1148 856 quamvis
1179 806 1377 844 subtiliter
1407 806 1634 857 excogitata
1663 806 1764 845 ratio
1793 808 1963 845 videntes
1986 821 2035 845 ex
2056 814 2211 857 utentes,
2245 821 2293 845 ex

316 883 516 928 tamquam
550 883 667 915 auten
698 890 782 915 eam
810 878 916 915 viam
950 877 1213 927 restituentis,
1250 878 1407 929 probari
1438 884 1588 930 potest,
1626 878 1718 929 quia
1754 884 1920 927 temptat
1954 892 2053 929 quae
2084 893 2176 917 vera
2206 893 2293 918 esse

316 949 601 1000 intelleximus3
634 963 762 1001 neque
791 949 1061 1002 probabiliora
1090 949 1158 988 alii
1188 950 1416 990 attulerunt.

512 1021 625 1061 Haec
654 1035 726 1061 nos
757 1021 1016 1061 disseruimus
1047 1022 1178 1062 exorsi
1209 1036 1259 1061 ex
1288 1022 1366 1062 ista
1395 1022 1556 1075 vulgata
1585 1023 1680 1061 olim
1711 1023 1906 1075 scriptura
1932 1036 2032 1074 quae
2053 1024 2208 1075 quidem
2227 1037 2291 1062 sa-

312 1095 460 1146 pientes
475 1101 698 1145 sequuntur,
716 1101 860 1133 utentes
880 1101 1079 1146 tamquam
1093 1095 1190 1133 duce
1203 1101 1359 1143 natura,
1382 1108 1483 1146 quae
1503 1094 1536 1133 si
1554 1095 1744 1133 librorum
1766 1094 1845 1132 fide
1866 1095 2068 1144 niteretur,
2091 1096 2290 1133 neminem

314 1171 499 1217 putamus
530 1165 578 1204 de
607 1166 793 1204 insiticiis
824 1172 892 1204 aut
920 1167 1115 1217 corruptis
1146 1167 1408 1217 cogitaturum
1436 1166 1577 1206 fuisse:
1610 1166 1709 1205 adeo
1730 1166 1828 1205 haec
1849 1173 1939 1218 apte
1961 1167 2109 1218 scripta
2129 1173 2168 1205 et
2189 1181 2291 1206 com-

315 1237 445 1288 posita
474 1243 578 1276 sunt.
624 1236 705 1276 Sed
735 1237 916 1277 codicum
945 1238 1177 1277 memoriam
1207 1238 1517 1288 consulentibus,
1550 1251 1639 1277 cum
1664 1237 1762 1277 haec
1781 1237 1839 1276 ita
1857 1237 1898 1276 in
1920 1238 2104 1277 omnibus
2126 1245 2193 1277 aut
2213 1252 2291 1278 me-

314 1308 480 1349 lioribus
509 1308 623 1349 libris
654 1314 815 1348 exarata
844 1322 931 1349 esse
952 1314 1108 1348 constet
1128 1322 1228 1362 quae
1248 1309 1404 1362 quidem
1423 1310 1616 1361 sapientes
1636 1316 1780 1348 utentes
1798 1316 2013 1362 sequuntur
2033 1309 2129 1347 duce
2147 1317 2293 1348 natura

314 1389 526 1433 tamquam,
562 1382 817 1434 perspicuum
846 1382 901 1432 fit,
933 1382 1056 1420 verba
1085 1381 1246 1433 quidem
1276 1382 1424 1433 scripta
1452 1388 1571 1432 recte,
1610 1382 1679 1421 sed
1709 1382 1821 1420 miris
1851 1381 1979 1420 modis
2009 1395 2096 1420 esse
2127 1383 2292 1421 traiecta

314 1467 387 1491 nec
417 1453 659 1504 primitivam
690 1453 833 1491 seriem
863 1454 1045 1492 retinere.
1086 1453 1190 1492 Nam
1221 1452 1318 1492 haec
1347 1461 1491 1492 utentes
1513 1461 1728 1505 sequuntur
1753 1455 1848 1492 duce
1872 1461 2016 1492 natura
2042 1453 2075 1491 si
2097 1454 2163 1504 qui
2190 1453 2289 1492 forte

314 1525 433 1563 tutari
469 1525 566 1563 velit
601 1524 664 1563 vel
699 1525 747 1563 iis
785 1539 885 1575 quae
919 1524 1106 1575 leguntur
1134 1524 1397 1575 Acad.1114,
1419 1525 1473 1565 43
1508 1526 1783 1564 similitudines
1813 1525 2226 1576 dissimilitudinesque
2256 1533 2290 1564 et

313 1609 446 1636 earum
465 1597 588 1635 tenuis
609 1603 644 1635 et
662 1602 778 1635 acuta
797 1596 992 1635 distinctio
1010 1595 1270 1647 fidentium
1296 1603 1350 1636 est
1368 1597 1567 1636 lzominum
1586 1597 1658 1635 illa
1678 1610 1769 1635 vera
1790 1603 1825 1635 et
1831 1597 1956 1647 firma
1976 1609 2073 1643 esse‚·
2104 1596 2165 1634 vel
2186 1610 2287 1648 quae

314 1668 362 1707 de
397 1668 460 1708 off.
483 1668 617 1718 11126,
646 1668 698 1707 99
734 1668 921 1707 dimicare
954 1668 1091 1707 melius
1113 1667 1201 1719 fuit
1238 1682 1356 1720 quam
1390 1670 1563 1707 deserere
1597 1670 1955 1707 consentientem
1992 1666 2200 1708 Graeciam
2234 1670 2288 1706 ad

312 1741 452 1779 bellum
481 1740 662 1778 barbaris
688 1740 955 1790 inferendum,
992 1740 1165 1790 intelligi
1195 1746 1349 1791 oportet
1382 1740 1480 1779 haec
1510 1755 1560 1779 ex
1591 1754 1635 1779 eo
1672 1754 1816 1790 genere
1850 1747 2034 1791 prompta
2063 1754 2150 1779 esse
2181 1740 2286 1791 quod

312 1812 390 1851 late
411 1813 540 1864 patuit
559 1818 598 1851 et
617 1811 656 1851 id
678 1812 826 1864 proprii
857 1811 977 1851 habet
1002 1818 1045 1851 ut
1064 1812 1292 1852 nominibus
1312 1811 1559 1864 interpositis
1580 1812 1683 1852 inter
1702 1811 1954 1864 participium
1976 1818 2015 1851 et
2036 1825 2138 1864 quae
2158 1826 2182 1851 a
2201 1825 2286 1864 par-

311 1884 448 1937 ticipio
479 1897 673 1936 suspensa
702 1890 793 1923 sunt
823 1883 1080 1935 diiungantur
1099 1897 1199 1936 quae
1220 1884 1496 1936 coniungenda
1517 1890 1644 1933 erant3
1678 1883 1782 1935 quod
1804 1897 1928 1934 genus
1949 1883 2176 1935 Madvigius
2199 1897 2287 1922 cum

312 1957 407 1996 alibi
437 1964 519 1995 tum
550 1957 705 2009 plenius
736 1957 1094 1997 Emendationibus
1114 1956 1295 1996 Livianis
1326 1957 1387 1996 ed.
1410 1969 1438 1996 11
1458 1971 1495 2009 p.
1514 1958 1594 1997 330
1625 1963 1854 2009 persecutus
1885 1964 1945 1996 est
1973 1954 2082 2005 (vide
2113 1956 2160 1996 ad
2184 1969 2212 1996 11
2238 1957 2286 1997 de

311 2028 429 2079 legib.
452 2028 516 2075 22,
539 2027 592 2068 56
623 2026 840 2080 adnotata).
886 2026 963 2067 Sed
991 2028 1050 2067 illi
1071 2029 1252 2081 exemplo
1274 2029 1379 2081 quod
1401 2042 1561 2080 compar
1581 2029 1634 2067 sit
1653 2042 1727 2067 nec
1747 2028 1910 2067 allatum
1932 2029 1981 2067 ab
2003 2029 2091 2067 aliis
2114 2028 2285 2067 vidimus

308 2112 382 2138 nec
412 2100 528 2139 nobis
558 2100 698 2139 afferre
729 2101 907 2151 contigit.
952 2100 1092 2151 Itaque
1123 2100 1188 2138 hic
1217 2101 1388 2152 primum
1418 2100 1567 2152 aliquid
1589 2101 1792 2139 turbatum
1814 2114 1902 2139 esse
1922 2100 1963 2139 in
1985 2100 2123 2138 ordine
2144 2115 2285 2150 agnos-

308 2171 421 2210 citur.
465 2171 557 2209 Non
586 2171 714 2221 magis
744 2171 819 2210 erit
847 2171 913 2223 qui
935 2170 1040 2210 hunc
1060 2172 1234 2223 positum
1253 2172 1386 2211 foveat
1405 2173 1501 2210 duce
1519 2180 1665 2210 natura
1684 2179 1902 2223 tamquam,·
1932 2186 2024 2210 nam
2045 2185 2284 2223 quamquam

308 2248 445 2281 notum
479 2248 539 2281 est
573 2241 613 2280 id
649 2255 774 2293 genus
809 2242 1024 2294 particulas
1054 2256 1353 2295 nonnumquam
1383 2243 1568 2295 postponi
1596 2243 1646 2281 iis
1677 2243 1821 2294 quibus
1851 2242 2042 2294 praeponi
2072 2242 2281 2293 debebant,

308 2314 415 2353 velut
444 2313 491 2352 de
522 2313 586 2353 off.
609 2325 637 2352 11
658 2313 693 2363 8,
717 2314 770 2353 30
799 2327 919 2365 aeque
947 2315 1123 2366 utrisque
1151 2322 1207 2353 est
1219 2315 1555 2367 propemodum
1577 2315 1856 2366 comparanda,
1880 2314 1942 2352 vel
1962 2313 2059 2353 ibid.
2082 2326 2095 2352 1
2114 2314 2179 2362 30,
2205 2315 2279 2354 107

305 2387 604 2439 intelleqendum
629 2394 683 2425 est
701 2386 853 2425 duabus
874 2388 1012 2438 quasi
1028 2401 1099 2425 nos
1118 2402 1144 2425 a
1161 2395 1307 2426 natura
1326 2388 1483 2426 indutos
1503 2401 1581 2426 esse
1594 2388 1777 2439 personis
1785 2402 1798 2432 ,-
1827 2386 1936 2425 Lael.
1961 2387 2023 2436 25,
2048 2387 2099 2425 92
2121 2394 2163 2426 ut
2182 2402 2281 2426 unus

307 2461 445 2511 quasi
472 2461 625 2499 animus
643 2459 722 2510 fiat
749 2473 794 2498 ex
820 2458 1016 2512 pluribus,
1047 2464 1179 2499 tamen
1209 2459 1269 2498 illi
1299 2458 1404 2512 quod
1434 2473 1603 2512 aequum
1634 2459 1686 2499 sit
1721 2459 1789 2498 vix
1820 2458 2059 2498 arbitramur
2089 2458 2279 2511 inveniri3

307 2537 346 2572 et
373 2530 477 2571 hanc
506 2530 627 2583 igitur
656 2530 955 2570 collocationem
975 2531 1102 2570 turbis
1123 2530 1238 2570 factis
1259 2524 1534 2571 adscribimus.
1579 2530 1719 2583 Itaque
1742 2530 1879 2581 negari
1898 2543 1976 2569 non
1998 2538 2140 2583 potest,
2165 2531 2281 2572 huius

306 2604 497 2641 orationis
526 2604 705 2641 membra
733 2604 868 2641 nescio
899 2617 975 2654 quo
1005 2616 1100 2642 casu
1129 2610 1276 2641 temere
1306 2617 1393 2641 esse
1424 2603 1601 2641 disiecta.
1647 2602 1926 2653 Quoniamque
1957 2604 2079 2641 verba
2108 2604 2196 2654 ipsa
2224 2605 2281 2643 in-

304 2681 416 2725 tegra
444 2689 532 2714 esse
562 2688 635 2714 nec
665 2675 807 2714 vitiose
838 2675 986 2726 scripta
1015 2675 1112 2714 satis
1139 2680 1181 2713 ut
1201 2674 1439 2714 arbitramur
1459 2674 1728 2726 probavimus,
1752 2674 1827 2714 hoc
1850 2689 1971 2714 unum
1991 2674 2187 2726 agendum
2208 2682 2278 2726 est,

304 2753 348 2785 ut
376 2760 513 2786 eorum
542 2746 638 2787 ordo
667 2747 792 2800 probe
818 2747 1071 2787 instauretur.
1116 2745 1169 2786 Et
1198 2752 1303 2786 certe
1333 2745 1631 2785 clementiorem
1651 2746 1824 2786 iudicem
1845 2746 2081 2786 habebimus
2103 2761 2190 2786 eum
2213 2748 2279 2810 qpi

304 2818 414 2858 nulla
442 2824 554 2870 parte
583 2824 747 2870 resecta,
780 2833 828 2858 ne
859 2819 992 2858 littera
1011 2818 1171 2871 quidem
1201 2825 1268 2857 aut
1297 2819 1454 2870 syllaba
1479 2825 1642 2869 mutata,
1675 2820 1818 2859 seriem
1848 2825 2002 2858 tantum
2023 2833 2157 2858 eorum
2178 2833 2279 2871 quae

300 2890 452 2942 scripta
486 2896 579 2930 sunt
612 2905 847 2944 recuperare
878 2891 1045 2942 studeat,
1082 2905 1202 2943 quam
1233 2890 1300 2943 qui
1330 2896 1523 2930 curtatam
1554 2897 1594 2930 et
1623 2891 1867 2931 demutatam
1897 2905 1968 2930 suo
1999 2891 2163 2930 arbitrio
2195 2906 2279 2931 ora-

303 2963 451 3003 tionem
472 2959 656 3002 Ciceroni
687 2970 729 3002 ut
759 2978 870 3003 suam
901 2963 1120 3003 redhibeat.
1164 2962 1242 3003 Sed
1272 2977 1319 3002 ea
1348 2963 1469 3002 series
1497 2963 1608 3003 varia
1633 2977 1721 3003 esse
1747 2964 1886 3016 potuit,
1915 2969 1954 3002 et
1972 2962 2042 3002 illa
2062 2977 2162 3015 quae
2183 2964 2278 3004 olim

303 3034 662 3087 circumferebatur,
695 3049 936 3090 quamquam
967 3035 1181 3089 vituperari
1210 3049 1289 3075 non
1321 3042 1461 3088 potest,
1490 3049 1579 3075 cum
1599 3036 1791 3076 librorum
1813 3035 2008 3088 scriptura
2028 3036 2173 3075 collata
2193 3050 2278 3089 pro·

1971 3113 1992 3145 3
