2634 3457
1246 128 1297 169 12

279 248 359 281 tam
392 247 498 280 certo
530 241 623 281 hinc
645 241 806 281 exulare
826 242 964 281 iubeat
983 255 1101 293 quam
1122 252 1136 280 1
1163 241 1226 290 30,
1262 240 1340 279 109
1361 239 1619 279 Xenocratem
1636 241 1922 279 severissimum
1939 240 2262 293 philosophorum

279 313 478 365 excludat,
512 320 649 367 utpote
671 320 709 353 et
729 315 860 366 ipsum
883 320 1030 353 temere
1051 326 1075 352 a
1094 312 1229 351 nescio
1250 325 1328 363 quo
1350 310 1399 350 ad
1420 310 1603 350 Romana
1622 312 1784 351 nomina
1804 311 2108 363 agglutinatum.
2148 311 2261 350 Haec

278 387 386 425 viros
418 386 595 425 eruditos
626 387 730 426 serio
760 400 992 439 proponere,
1024 385 1092 424 vix
1122 384 1230 423 credi
1260 390 1406 436 posset,
1438 383 1517 422 nisi
1538 397 1684 434 magna
1704 383 1765 422 vis
1786 389 1893 422 esset
1913 383 1980 422 isti
2002 397 2121 434 quam
2143 397 2261 435 saepe

279 458 450 497 dicimus
483 459 692 510 cupiditati
723 459 859 509 spuria
883 456 1119 509 insequendi
1146 463 1185 495 et
1211 454 1471 507 exstirpandi,
1509 468 1587 505 qua
1613 454 1691 493 dici
1719 468 1798 493 non
1825 459 1956 506 potest
1976 460 2124 506 quanto
2146 468 2262 506 opere

272 529 321 582 ¹hi
340 530 432 569 libri
454 529 502 569 de
524 529 666 569 officiis
689 529 897 569 deformati
920 529 1012 568 sint.
1053 525 1162 576 Quid
1183 526 1314 566 enim?
1353 525 1590 565 Fabricione
1612 525 1797 578 copulare
1818 525 2045 576 Aristidem,
2078 525 2260 565 Romano

280 599 491 652 Graecum,
514 615 594 640 non
615 600 802 640 licuisse?
842 614 931 639 cum
951 606 1085 638 tamen
1106 598 1244 638 eodem
1266 605 1400 637 tenore
1421 603 1511 650 post
1532 595 1727 636 Catonem
1749 602 1788 635 et
1806 597 2000 647 Laelium,
2024 611 2122 649 quos
2144 604 2263 648 negat

221 707 226 710 .
282 674 482 725 sapientes
503 673 637 722 fuisse,
670 672 782 711 addit
801 686 849 711 ne
868 673 932 710 illi
951 673 1108 723 quidem
1127 678 1280 723 septem,
1314 671 1393 721 qui,
1418 677 1615 722 putamus,
1637 668 1784 709 Graeci
1803 669 1980 709 fuerunt:
2013 670 2079 722 qui
2101 669 2261 721 quidem

278 745 360 784 illis
392 744 528 784 eadem
558 744 685 782 forma
715 750 754 783 et
784 743 979 783 brevitate
1010 742 1276 782 adnectuntur
1304 756 1383 795 qua
1412 742 1437 782 l.
1461 756 1493 781 c.
1525 741 1574 781 ad
1605 741 1703 780 baec
1722 740 1904 781 Romana
1931 742 2002 781 hoc
2020 742 2123 781 idem
2129 740 2263 793 fuisse

279 819 322 855 in
352 817 401 855 P.
421 816 606 867 Scipione
636 815 801 864 Nasica,
833 823 1046 867 contraque
1061 823 1217 866 patrem
1236 816 1318 854 eius
1345 814 1497 854 nullam
1517 815 1732 854 comitatem
1757 814 1937 854 habuisse
1962 816 2163 864 sermonis,
2195 813 2264 853 ad-

279 888 468 928 iiciuntur
483 886 553 926 illa
567 901 614 927 ne
628 886 888 927 Xenocratem
904 887 1060 940 quidem
1075 887 1358 926 severissimum
1369 886 1697 939 pbilosophorum
1714 886 1799 926 scil.
1816 886 1939 925 ullam
1954 886 2133 926 habuisse
2147 887 2262 926 comi-

279 967 394 998 tatem
413 961 614 998 sermonis.
648 959 702 998 Et
716 973 790 999 nos
807 973 998 1009 negamus
1015 959 1298 1006 Xenocratem,
1322 971 1439 1009 quem
1457 956 1600 997 Cicero
1622 964 1661 997 et
1681 958 1856 998 hocloco
1877 961 2158 998 severissimum
2176 959 2262 1010 phi-

280 1032 531 1082 losophorum
553 1038 591 1069 et
612 1032 653 1069 in
675 1030 914 1071 Tusculanis
937 1031 1275 1082 disputationibus
1295 1043 1323 1069 V
1346 1029 1407 1079 18,
1438 1029 1488 1068 51
1511 1029 1625 1068 illum
1642 1031 1921 1081 yravissimum
1937 1030 2263 1083 philosophorum

279 1102 467 1155 appellat,
498 1110 540 1141 ut
566 1101 765 1143 Graecum
796 1102 870 1142 hoc
900 1102 987 1143 loco
1018 1102 1230 1142 memorari
1250 1101 1441 1154 potuisse,
1468 1101 1509 1141 in
1537 1115 1583 1141 ea
1610 1100 1796 1141 videlicet
1822 1100 2092 1154 disputatione
2118 1102 2158 1141 in
2186 1115 2264 1154 qua

280 1175 330 1214 ab
356 1173 471 1213 initio
500 1173 549 1213 ad
570 1175 691 1213 finem
713 1187 803 1213 cum
823 1173 1016 1213 Romanis
1038 1173 1183 1213 Graeci
1207 1179 1498 1226 componuntur
1519 1179 1557 1212 et
1578 1173 1897 1212 contenduntur?
1935 1171 2015 1212 Sed
2036 1187 2109 1212 nos
2129 1174 2263 1212 Xeno-

281 1247 401 1285 cratis
436 1260 597 1285 causam
634 1261 712 1284 non
744 1247 1029 1298 persequimur,
1070 1260 1170 1297 quae
1201 1246 1317 1284 valde
1348 1247 1578 1297 perturbata
1608 1253 1668 1285 est
1697 1261 1720 1285 a
1750 1246 1878 1285 doctis
1909 1252 1952 1285 ut
1982 1247 2155 1285 breviter
2186 1246 2264 1285 dis-

281 1318 431 1370 ceptari
455 1332 529 1357 uon
551 1318 690 1369 possit.
728 1318 1021 1367 Argumentum
1043 1316 1203 1368 quidem
1225 1331 1303 1368 quo
1329 1323 1532 1369 tamquam
1554 1317 1772 1357 fortissimo
1789 1318 2005 1357 Aristidem
2025 1317 2262 1369 relegarunt,

281 1390 398 1430 nihili
428 1404 515 1429 esse
546 1396 585 1429 et
614 1389 689 1428 hoc
719 1389 901 1441 exemplo
930 1389 1111 1428 firmatur
1140 1395 1179 1427 et
1210 1388 1346 1428 multis
1377 1389 1485 1428 velut
1515 1389 1631 1429 Tusc.
1655 1389 1755 1442 disp.
1777 1401 1806 1429 v
1831 1391 1890 1440 17,
1922 1389 1988 1429 49.

482 1459 561 1501 Sed
592 1461 779 1514 quoniam
810 1474 910 1514 quae
941 1460 1189 1511 damnarunt,
1222 1474 1300 1499 non
1329 1460 1572 1499 induxerunt
1598 1461 1689 1501 stilo
1716 1475 1843 1512 verso,
1876 1468 1919 1500 ut
1944 1476 1991 1501 ea
2010 1461 2088 1513 legi
2110 1461 2265 1514 possint

281 1534 464 1587 quamvis
487 1539 580 1572 nota
600 1533 803 1584 insignita,
836 1547 885 1571 ne
916 1532 1247 1571 animadvertisse
1278 1532 1439 1584 quidem
1468 1532 1662 1583 videntur,
1694 1546 1813 1584 quam
1834 1534 2009 1585 ineptam
2031 1547 2080 1572 ex
2101 1539 2265 1585 perapta

281 1607 501 1647 orationem
523 1605 690 1645 delendo
712 1605 927 1654 effecerint,
959 1614 1027 1644 aut
1047 1619 1131 1644 cum
1151 1604 1359 1644 Fabricius
1378 1606 1503 1644 iustus
1522 1607 1764 1645 nominatur:
1795 1621 1888 1645 nam
1909 1605 2084 1645 Fabricii
2114 1605 2266 1645 iustitia

282 1678 440 1731 quidem
472 1677 692 1730 praedicari
724 1678 864 1730 potuit,
898 1677 1025 1716 iustus
1057 1677 1124 1716 ille
1156 1677 1354 1716 nominari
1385 1691 1466 1716 non
1499 1678 1669 1728 solebat3
1700 1677 1740 1716 id
1771 1678 1875 1731 quod
1902 1678 1943 1716 in
1973 1692 2093 1717 unum
2119 1677 2265 1716 Aristi-

282 1751 373 1790 dem
399 1750 592 1790 cecidisse
623 1756 762 1788 notum
795 1756 866 1799 est,
896 1749 943 1788 de
970 1763 1046 1801 quo
1074 1748 1285 1788 Cornelius
1314 1750 1449 1801 Nepos
1475 1750 1531 1788 ita
1556 1749 1742 1801 loquitur,
1774 1758 1818 1788 ut
1841 1764 1942 1788 unus
1960 1757 2050 1802 post
2068 1750 2266 1789 hominum

280 1824 521 1870 memoriam,
550 1835 662 1873 quem
682 1822 839 1873 quidem
858 1835 930 1859 nos
950 1822 1205 1870 audierimus,
1237 1823 1463 1873 coynomine
1490 1823 1615 1860 iustus
1635 1823 1686 1861 sit
1704 1822 1939 1874 appellatus,
1972 1820 2114 1861 Cicero
2135 1828 2265 1861 autem

282 1895 368 1947 ipse
399 1894 497 1933 haec
526 1893 774 1943 memoravit,
807 1906 877 1944 pro
900 1890 1031 1932 Sestio
1059 1893 1123 1943 67,
1159 1893 1234 1932 141
1265 1894 1461 1933 Aristides
1488 1894 1559 1945 qui
1577 1907 1678 1932 unus
1699 1895 1871 1933 omnium
1890 1894 2126 1933 iustissimus
2134 1893 2267 1945 fuisse

282 1967 467 2014 traditur,
499 1965 660 2004 Tuscul.
685 1965 787 2016 disp.
808 1976 836 2003 V
868 1965 933 2012 36,
969 1965 1046 2003 105
1077 1964 1272 2004 Aristides
1303 1964 1426 2012 (malo
1458 1967 1560 2004 enim
1592 1964 1832 2006 Graecorum
1862 1979 1980 2018 quam
2008 1973 2142 2004 nostra
2169 1979 2265 2017 pro-

270 2037 405 2089 ferre)
425 2051 552 2077 nonne
573 2037 617 2077 ob
640 2050 724 2076 eam
744 2050 903 2075 causam
923 2036 1108 2089 expulsus
1129 2044 1184 2075 est
1201 2038 1337 2089 patria
1358 2038 1463 2089 quod
1479 2044 1637 2090 praeter
1655 2039 1813 2077 modum
1832 2040 1957 2077 iustus
1977 2038 2094 2077 esset?
2132 2036 2265 2086 Quare

283 2110 325 2147 in
354 2109 531 2148 iustitiae
560 2108 677 2146 laude
713 2121 804 2146 cum
833 2107 1044 2146 Fabricius
1076 2108 1258 2159 exemplo
1289 2116 1405 2158 esset,
1438 2111 1542 2147 ultro
1575 2110 1767 2148 Aristidis
1799 2110 1991 2148 memoria
2020 2110 2262 2159 occurrebat,

285 2187 324 2220 et
353 2181 434 2220 iam
464 2181 615 2233 optima
642 2180 770 2219 forma
800 2179 847 2219 de
879 2179 1032 2219 duobus
1065 2179 1143 2219 dici
1176 2187 1330 2232 poterat
1360 2194 1446 2220 cum
1468 2180 1675 2220 Fabricius
1696 2188 1765 2221 aut
1783 2180 1980 2221 Aristides
1999 2182 2124 2220 iustus
2142 2182 2261 2220 nomi-

282 2261 415 2293 natur.
471 2251 582 2301 Quos
613 2253 752 2292 ambos
780 2250 922 2292 Cicero
952 2252 1057 2291 infra
1087 2253 1126 2291 in
1159 2252 1220 2292 his
1251 2253 1350 2305 ipsis
1381 2253 1495 2292 libris
1522 2252 1585 2303 (111
1615 2254 1680 2304 22,
1712 2250 1783 2304 87)
1812 2259 2070 2305 posteaquam
2092 2253 2265 2292 Fabricii

283 2325 430 2378 Pyrrhi
456 2325 561 2364 bello
588 2325 796 2376 probatam
815 2324 936 2363 fidem
952 2325 1141 2375 laudavit,
1173 2325 1248 2364 hac
1269 2326 1566 2377 comparatione
1587 2327 1810 2366 coniunxit:
1840 2334 1970 2366 utrum
1988 2327 2113 2378 iyitur
2131 2326 2267 2365 utilius

283 2399 344 2438 vel
362 2398 564 2447 Fabricio,
597 2398 668 2449 qui
690 2397 781 2436 talis
805 2398 849 2435 i‘n
868 2397 941 2436 hac
969 2397 1063 2436 urbe
1093 2398 1222 2449 qualis
1242 2398 1438 2437 Aristides
1458 2398 1620 2438 Athenis
1629 2399 1732 2449 fuit,
1762 2399 1823 2438 vel
1847 2399 2002 2437 senatui
2022 2405 2166 2448 nostro,
2199 2399 2269 2450 qui

283 2483 500 2521 numquam
518 2469 725 2508 utilitatem
745 2483 770 2507 a
790 2469 980 2521 dignitate
1000 2470 1182 2519 seiunxit,
1203 2471 1325 2509 armis
1345 2484 1430 2509 cum
1451 2470 1556 2510 hoste
1577 2477 1723 2509 certare
1743 2485 1795 2509 an
1814 2470 1994 2509 venenis?
2032 2468 2121 2518 Quo
2139 2470 2266 2521 magis

286 2541 507 2581 cavendum
529 2550 600 2590 est,
632 2554 682 2580 ne
709 2555 731 2579 a
751 2539 938 2580 Fabricio
961 2540 1181 2580 Aristidem
1209 2541 1446 2580 revellentes
1475 2555 1564 2581 cum
1590 2542 1659 2580 illo
1681 2542 1888 2594 aptissime
1910 2540 2181 2580 consociatum
2203 2539 2267 2580 Ci-

286 2613 443 2653 ceronis
464 2612 634 2651 orationi
665 2618 705 2650 et
733 2612 953 2651 sententiae
984 2612 1206 2651 officiamus
1230 2611 1330 2651 ultro
1352 2626 1441 2651 cum
1462 2612 1650 2652 adiuvare
1672 2613 1853 2652 velimus.
1895 2610 1974 2651 Sed
1996 2625 2046 2650 ex
2066 2612 2144 2651 ista
2164 2626 2267 2651 com·

285 2685 491 2736 paratione
529 2683 718 2735 perfacile
756 2689 840 2722 erat
873 2684 1027 2735 opinari
1068 2682 1304 2723 Ciceronem
1344 2698 1422 2722 non
1461 2684 1669 2723 Fabricius
1707 2693 1786 2723 aut
1823 2685 2019 2722 Aristides
2058 2683 2267 2735 scripsisse

287 2756 357 2795 sed
382 2763 452 2794 aut
470 2769 557 2794 cum
577 2754 785 2794 Fabricius
804 2763 853 2794 ut
872 2756 1067 2794 Aristides
1087 2757 1212 2794 iustus
1232 2757 1479 2801 nominatur-5
1506 2770 1606 2807 quae
1628 2757 1703 2795 etsi
1725 2756 1854 2796 denuo
1874 2761 2042 2807 reperta,
2064 2769 2143 2795 non
2164 2769 2268 2795 nova

288 2835 348 2868 est
377 2827 554 2880 opinatio
585 2826 656 2867 sed
685 2826 781 2866 olim
811 2841 835 2866 a
855 2825 1089 2867 Gernhardo
1120 2827 1326 2880 proposita
1356 2828 1531 2880 sciteque
1562 2829 1833 2882 comprobata.
1876 2825 2002 2869 Cuius
2031 2827 2088 2867 rei
2118 2842 2268 2868 memor

287 2913 368 2939 non
398 2905 483 2939 erat
500 2899 687 2939 Baiterus
710 2912 799 2938 cum
829 2898 935 2938 idem
966 2899 1124 2939 afferret
1156 2905 1197 2939 ut
1227 2914 1341 2939 suum
1370 2900 1413 2939 in
1433 2900 1697 2953 praefatione3
1727 2915 1821 2940 nam
1841 2900 1967 2939 textui
1989 2900 2266 2940 constituendo

287 2986 367 3012 non
399 2972 592 3011 adhibuit.
651 2972 912 3012 Recentiores
943 2978 1074 3011 autem
1110 2973 1238 3011 critici
1275 2986 1362 3011 cum
1394 2973 1519 3012 multa
1547 2974 1705 3012 inutilia
1734 2974 1903 3012 afferant
1939 2986 2012 3011 nec
2041 2971 2266 3012 Gernhardi

286 3058 361 3084 nec
381 3043 532 3083 Baiteri
563 3044 807 3083 mentionem
836 3043 999 3094 faciunt,
1032 3045 1116 3084 sive
1146 3044 1380 3096 ignorarunt
1409 3044 1678 3085 coniecturam
1708 3045 1792 3085 sive
1819 3043 1889 3083 illa
1913 3043 2060 3084 fiducia
2079 3044 2169 3084 freti
2191 3058 2268 3097 qua
