<?xml version="1.0" encoding="UTF-8"?>
<!DOCTYPE html PUBLIC "-//W3C//DTD XHTML 1.0 Transitional//EN"
    "http://www.w3.org/TR/xhtml1/DTD/xhtml1-transitional.dtd">
<html xmlns="http://www.w3.org/1999/xhtml" xml:lang="en" lang="en">
 <head>
  <title>
</title>
<meta http-equiv="Content-Type" content="text/html;charset=utf-8" />
  <meta name='ocr-system' content='tesseract 3.04.00' />
  <meta name='ocr-capabilities' content='ocr_page ocr_carea ocr_par ocr_line ocrx_word'/>
</head>
<body>
  <div class='ocr_page' id='page_1' title='image "4769574_0036.png"; bbox 0 0 2634 3457; ppageno 0'>
   <div class='ocr_carea' id='block_1_1' title="bbox 1312 96 1363 136">
    <p class='ocr_par' dir='ltr' id='par_1_1' title="bbox 1312 96 1363 136">
     <span class='ocr_line' id='line_1_1' title="bbox 1312 96 1363 136; baseline 0 0"><span class='ocrx_word' id='word_1_1' title='bbox 1312 96 1363 136; x_wconf 89' lang='lat'>19</span> 
     </span>
    </p>
   </div>
   <div class='ocr_carea' id='block_1_2' title="bbox 332 206 2324 2998">
    <p class='ocr_par' dir='ltr' id='par_1_2' title="bbox 338 206 2324 2207">
     <span class='ocr_line' id='line_1_2' title="bbox 343 206 2323 260; baseline 0.002 -17"><span class='ocrx_word' id='word_1_2' title='bbox 343 212 485 257; x_wconf 73' lang='lat' dir='ltr'>portus</span> <span class='ocrx_word' id='word_1_3' title='bbox 514 207 616 244; x_wconf 79' lang='lat' dir='ltr'>enim</span> <span class='ocrx_word' id='word_1_4' title='bbox 641 214 798 258; x_wconf 70' lang='lat' dir='ltr'>praesto</span> <span class='ocrx_word' id='word_1_5' title='bbox 828 213 895 255; x_wconf 71' lang='lat' dir='ltr'>eet,</span> <span class='ocrx_word' id='word_1_6' title='bbox 927 213 1124 245; x_wconf 77' lang='lat' dir='ltr'>aeternum</span> <span class='ocrx_word' id='word_1_7' title='bbox 1151 206 1253 245; x_wconf 74' lang='lat' dir='ltr'>nihil</span> <span class='ocrx_word' id='word_1_8' title='bbox 1280 207 1472 246; x_wconf 74' lang='lat' dir='ltr'>sentiendi</span> <span class='ocrx_word' id='word_1_9' title='bbox 1487 207 1783 259; x_wconf 81' lang='lat' dir='ltr'><em>receptaculum,</em></span> <span class='ocrx_word' id='word_1_10' title='bbox 1807 213 1975 259; x_wconf 83' lang='lat' dir='ltr'><strong>possunt</strong></span> <span class='ocrx_word' id='word_1_11' title='bbox 1993 207 2063 247; x_wconf 86' lang='lat' dir='ltr'>illa</span> <span class='ocrx_word' id='word_1_12' title='bbox 2083 207 2243 260; x_wconf 91' lang='lat' dir='ltr'>quidem</span> <span class='ocrx_word' id='word_1_13' title='bbox 2264 207 2323 247; x_wconf 91' lang='lat' dir='ltr'>in-</span> 
     </span>
     <span class='ocr_line' id='line_1_3' title="bbox 348 276 2323 332; baseline 0.002 -16"><span class='ocrx_word' id='word_1_14' title='bbox 348 276 475 329; x_wconf 87' lang='lat' dir='ltr'>telligi</span> <span class='ocrx_word' id='word_1_15' title='bbox 509 291 583 318; x_wconf 89' lang='lat' dir='ltr'>nec</span> <span class='ocrx_word' id='word_1_16' title='bbox 620 277 764 318; x_wconf 85' lang='lat' dir='ltr'>vitiosa</span> <span class='ocrx_word' id='word_1_17' title='bbox 793 283 901 330; x_wconf 92' lang='lat' dir='ltr'>sunt,</span> <span class='ocrx_word' id='word_1_18' title='bbox 939 277 1009 319; x_wconf 91' lang='lat' dir='ltr'>sed</span> <span class='ocrx_word' id='word_1_19' title='bbox 1039 284 1172 319; x_wconf 86' lang='lat' dir='ltr'>tamen</span> <span class='ocrx_word' id='word_1_20' title='bbox 1202 292 1281 318; x_wconf 92' lang='lat' dir='ltr'>non</span> <span class='ocrx_word' id='word_1_21' title='bbox 1312 278 1431 319; x_wconf 92' lang='lat' dir='ltr'>nimis</span> <span class='ocrx_word' id='word_1_22' title='bbox 1462 279 1605 319; x_wconf 86' lang='lat' dir='ltr'>scitum</span> <span class='ocrx_word' id='word_1_23' title='bbox 1642 284 1701 319; x_wconf 87' lang='lat' dir='ltr'>est</span> <span class='ocrx_word' id='word_1_24' title='bbox 1737 279 1812 319; x_wconf 92' lang='lat' dir='ltr'>hoc</span> <span class='ocrx_word' id='word_1_25' title='bbox 1850 279 2008 319; x_wconf 89' lang='lat' dir='ltr'>dicendi</span> <span class='ocrx_word' id='word_1_26' title='bbox 2038 293 2179 330; x_wconf 69' lang='lat' dir='ltr'>genus,</span> <span class='ocrx_word' id='word_1_27' title='bbox 2216 279 2323 332; x_wconf 91' lang='lat' dir='ltr'>quod</span> 
     </span>
     <span class='ocr_line' id='line_1_4' title="bbox 348 350 2323 404; baseline 0.002 -16"><span class='ocrx_word' id='word_1_28' title='bbox 348 350 536 401; x_wconf 87' lang='lat' dir='ltr'>quoniam</span> <span class='ocrx_word' id='word_1_29' title='bbox 564 364 645 389; x_wconf 91' lang='lat' dir='ltr'>non</span> <span class='ocrx_word' id='word_1_30' title='bbox 675 352 731 389; x_wconf 88' lang='lat' dir='ltr'>ita</span> <span class='ocrx_word' id='word_1_31' title='bbox 760 351 948 390; x_wconf 87' lang='lat' dir='ltr'>traditum</span> <span class='ocrx_word' id='word_1_32' title='bbox 978 358 1039 391; x_wconf 88' lang='lat' dir='ltr'>est</span> <span class='ocrx_word' id='word_1_33' title='bbox 1059 351 1130 390; x_wconf 92' lang='lat' dir='ltr'>sed</span> <span class='ocrx_word' id='word_1_34' title='bbox 1149 357 1284 390; x_wconf 88' lang='lat' dir='ltr'>nostro</span> <span class='ocrx_word' id='word_1_35' title='bbox 1306 352 1464 391; x_wconf 88' lang='lat' dir='ltr'>decreto</span> <span class='ocrx_word' id='word_1_36' title='bbox 1485 358 1652 403; x_wconf 83' lang='lat' dir='ltr'>partum,</span> <span class='ocrx_word' id='word_1_37' title='bbox 1685 352 1840 392; x_wconf 86' lang='lat' dir='ltr'>dubites</span> <span class='ocrx_word' id='word_1_38' title='bbox 1863 367 1982 404; x_wconf 89' lang='lat' dir='ltr'>quam</span> <span class='ocrx_word' id='word_1_39' title='bbox 2003 351 2237 392; x_wconf 81' lang='lat' dir='ltr'>Ciceronem</span> <span class='ocrx_word' id='word_1_40' title='bbox 2259 353 2323 391; x_wconf 90' lang='lat' dir='ltr'>de-</span> 
     </span>
     <span class='ocr_line' id='line_1_5' title="bbox 348 421 2323 476; baseline 0.001 -15"><span class='ocrx_word' id='word_1_41' title='bbox 348 435 437 461; x_wconf 84' lang='lat' dir='ltr'>cere</span> <span class='ocrx_word' id='word_1_42' title='bbox 467 422 588 462; x_wconf 87' lang='lat' dir='ltr'>dicas.</span> <span class='ocrx_word' id='word_1_43' title='bbox 634 421 746 472; x_wconf 80' lang='lat' dir='ltr'>Quae</span> <span class='ocrx_word' id='word_1_44' title='bbox 776 436 868 462; x_wconf 89' lang='lat' dir='ltr'>cum</span> <span class='ocrx_word' id='word_1_45' title='bbox 896 424 952 463; x_wconf 88' lang='lat' dir='ltr'>ita</span> <span class='ocrx_word' id='word_1_46' title='bbox 981 424 1072 474; x_wconf 91' lang='lat' dir='ltr'>sint,</span> <span class='ocrx_word' id='word_1_47' title='bbox 1103 423 1247 463; x_wconf 88' lang='lat' dir='ltr'>mirum</span> <span class='ocrx_word' id='word_1_48' title='bbox 1277 438 1354 463; x_wconf 90' lang='lat' dir='ltr'>non</span> <span class='ocrx_word' id='word_1_49' title='bbox 1386 430 1447 464; x_wconf 90' lang='lat' dir='ltr'>est</span> <span class='ocrx_word' id='word_1_50' title='bbox 1474 423 1597 464; x_wconf 85' lang='lat' dir='ltr'>fuisse</span> <span class='ocrx_word' id='word_1_51' title='bbox 1627 424 1694 476; x_wconf 89' lang='lat' dir='ltr'>qui</span> <span class='ocrx_word' id='word_1_52' title='bbox 1724 424 1765 463; x_wconf 91' lang='lat' dir='ltr'>in</span> <span class='ocrx_word' id='word_1_53' title='bbox 1796 424 2032 464; x_wconf 86' lang='lat' dir='ltr'>Bentleiana</span> <span class='ocrx_word' id='word_1_54' title='bbox 2061 424 2214 464; x_wconf 88' lang='lat' dir='ltr'>ratione</span> <span class='ocrx_word' id='word_1_55' title='bbox 2244 438 2323 464; x_wconf 89' lang='lat' dir='ltr'>non</span> 
     </span>
     <span class='ocr_line' id='line_1_6' title="bbox 348 494 2323 548; baseline 0.001 -15"><span class='ocrx_word' id='word_1_56' title='bbox 348 507 435 533; x_wconf 89' lang='lat' dir='ltr'>esse</span> <span class='ocrx_word' id='word_1_57' title='bbox 465 494 756 546; x_wconf 87' lang='lat' dir='ltr'>persistendum</span> <span class='ocrx_word' id='word_1_58' title='bbox 787 496 863 534; x_wconf 87' lang='lat' dir='ltr'>rati</span> <span class='ocrx_word' id='word_1_59' title='bbox 892 496 990 536; x_wconf 91' lang='lat' dir='ltr'>alios</span> <span class='ocrx_word' id='word_1_60' title='bbox 1021 495 1259 536; x_wconf 87' lang='lat' dir='ltr'>emendandi</span> <span class='ocrx_word' id='word_1_61' title='bbox 1289 495 1426 536; x_wconf 90' lang='lat' dir='ltr'>modos</span> <span class='ocrx_word' id='word_1_62' title='bbox 1448 496 1809 548; x_wconf 85' lang='lat' dir='ltr'>circumspicerent.</span> <span class='ocrx_word' id='word_1_63' title='bbox 1855 496 1948 535; x_wconf 91' lang='lat' dir='ltr'>Fuit</span> <span class='ocrx_word' id='word_1_64' title='bbox 1982 497 2050 548; x_wconf 88' lang='lat' dir='ltr'>qui</span> <span class='ocrx_word' id='word_1_65' title='bbox 2080 496 2223 535; x_wconf 83' lang='lat' dir='ltr'>ibidem</span> <span class='ocrx_word' id='word_1_66' title='bbox 2258 496 2323 534; x_wconf 89' lang='lat' dir='ltr'>de-</span> 
     </span>
     <span class='ocr_line' id='line_1_7' title="bbox 347 565 2324 620; baseline 0.001 -16"><span class='ocrx_word' id='word_1_67' title='bbox 347 565 508 605; x_wconf 89' lang='lat' dir='ltr'>lendum</span> <span class='ocrx_word' id='word_1_68' title='bbox 539 573 730 617; x_wconf 84' lang='lat' dir='ltr'>censeret,</span> <span class='ocrx_word' id='word_1_69' title='bbox 764 569 950 620; x_wconf 76' lang='lat' dir='ltr'>quoniam</span> <span class='ocrx_word' id='word_1_70' title='bbox 977 582 1082 607; x_wconf 69' lang='lat' dir='ltr'>mora</span> <span class='ocrx_word' id='word_1_71' title='bbox 1108 576 1163 607; x_wconf 73' lang='lat' dir='ltr'>eet</span> <span class='ocrx_word' id='word_1_72' title='bbox 1189 576 1384 608; x_wconf 80' lang='lat' dir='ltr'>aeteruum</span> <span class='ocrx_word' id='word_1_73' title='bbox 1409 568 1512 607; x_wconf 76' lang='lat' dir='ltr'>nihil</span> <span class='ocrx_word' id='word_1_74' title='bbox 1530 569 1722 607; x_wconf 68' lang='lat' dir='ltr'>sentiendi</span> <span class='ocrx_word' id='word_1_75' title='bbox 1738 569 2032 620; x_wconf 78' lang='lat' dir='ltr'>receptaculum,</span> <span class='ocrx_word' id='word_1_76' title='bbox 2060 568 2166 607; x_wconf 89' lang='lat' dir='ltr'>haud</span> <span class='ocrx_word' id='word_1_77' title='bbox 2187 569 2324 620; x_wconf 84' lang='lat' dir='ltr'>inepta</span> 
     </span>
     <span class='ocr_line' id='line_1_8' title="bbox 347 638 2324 693; baseline 0.001 -16"><span class='ocrx_word' id='word_1_78' title='bbox 347 639 555 690; x_wconf 88' lang='lat' dir='ltr'>sententia,</span> <span class='ocrx_word' id='word_1_79' title='bbox 587 638 658 679; x_wconf 89' lang='lat' dir='ltr'>sed</span> <span class='ocrx_word' id='word_1_80' title='bbox 688 653 767 679; x_wconf 89' lang='lat' dir='ltr'>non</span> <span class='ocrx_word' id='word_1_81' title='bbox 797 647 961 692; x_wconf 87' lang='lat' dir='ltr'>apparet</span> <span class='ocrx_word' id='word_1_82' title='bbox 991 640 1093 680; x_wconf 90' lang='lat' dir='ltr'>unde</span> <span class='ocrx_word' id='word_1_83' title='bbox 1122 641 1241 681; x_wconf 89' lang='lat' dir='ltr'>istam</span> <span class='ocrx_word' id='word_1_84' title='bbox 1271 641 1504 693; x_wconf 83' lang='lat' dir='ltr'>particulam</span> <span class='ocrx_word' id='word_1_85' title='bbox 1536 641 1753 680; x_wconf 86' lang='lat' dir='ltr'>accessisse</span> <span class='ocrx_word' id='word_1_86' title='bbox 1775 640 1964 680; x_wconf 90' lang='lat' dir='ltr'>dicamus.</span> <span class='ocrx_word' id='word_1_87' title='bbox 2010 640 2127 680; x_wconf 92' lang='lat' dir='ltr'>Alius</span> <span class='ocrx_word' id='word_1_88' title='bbox 2149 654 2228 679; x_wconf 90' lang='lat' dir='ltr'>non</span> <span class='ocrx_word' id='word_1_89' title='bbox 2249 638 2324 678; x_wconf 87' lang='lat' dir='ltr'>ibi-</span> 
     </span>
     <span class='ocr_line' id='line_1_9' title="bbox 346 710 2322 765; baseline 0.001 -16"><span class='ocrx_word' id='word_1_90' title='bbox 346 711 430 750; x_wconf 85' lang='lat' dir='ltr'>dem</span> <span class='ocrx_word' id='word_1_91' title='bbox 466 710 535 750; x_wconf 92' lang='lat' dir='ltr'>sed</span> <span class='ocrx_word' id='word_1_92' title='bbox 569 725 675 751; x_wconf 73' lang='lat' dir='ltr'>more</span> <span class='ocrx_word' id='word_1_93' title='bbox 713 712 854 751; x_wconf 85' lang='lat' dir='ltr'>abesse</span> <span class='ocrx_word' id='word_1_94' title='bbox 889 712 1039 763; x_wconf 89' lang='lat' dir='ltr'>maluit,</span> <span class='ocrx_word' id='word_1_95' title='bbox 1077 726 1155 764; x_wconf 90' lang='lat' dir='ltr'>qua</span> <span class='ocrx_word' id='word_1_96' title='bbox 1185 712 1344 765; x_wconf 88' lang='lat' dir='ltr'>dempta</span> <span class='ocrx_word' id='word_1_97' title='bbox 1374 726 1469 752; x_wconf 91' lang='lat' dir='ltr'>voce</span> <span class='ocrx_word' id='word_1_98' title='bbox 1500 713 1644 752; x_wconf 90' lang='lat' dir='ltr'>crescit</span> <span class='ocrx_word' id='word_1_99' title='bbox 1672 727 1751 751; x_wconf 92' lang='lat' dir='ltr'>non</span> <span class='ocrx_word' id='word_1_100' title='bbox 1781 713 1972 751; x_wconf 86' lang='lat' dir='ltr'>minuitur</span> <span class='ocrx_word' id='word_1_101' title='bbox 2008 712 2222 751; x_wconf 80' lang='lat' dir='ltr'>difficultas</span> <span class='ocrx_word' id='word_1_102' title='bbox 2251 712 2322 751; x_wconf 84' lang='lat' dir='ltr'>ibi-</span> 
     </span>
     <span class='ocr_line' id='line_1_10' title="bbox 345 783 2322 837; baseline 0 -15"><span class='ocrx_word' id='word_1_103' title='bbox 345 784 431 822; x_wconf 91' lang='lat' dir='ltr'>dem</span> <span class='ocrx_word' id='word_1_104' title='bbox 461 783 677 835; x_wconf 83' lang='lat' dir='ltr'>particulae</span> <span class='ocrx_word' id='word_1_105' title='bbox 708 784 986 836; x_wconf 84' lang='lat' dir='ltr'>explicandae:</span> <span class='ocrx_word' id='word_1_106' title='bbox 1018 798 1095 837; x_wconf 93' lang='lat' dir='ltr'>quo</span> <span class='ocrx_word' id='word_1_107' title='bbox 1127 788 1232 824; x_wconf 90' lang='lat' dir='ltr'>enim</span> <span class='ocrx_word' id='word_1_108' title='bbox 1262 785 1495 824; x_wconf 79' lang='lat' dir='ltr'>referimus?</span> <span class='ocrx_word' id='word_1_109' title='bbox 1538 784 1679 837; x_wconf 87' lang='lat' dir='ltr'>Itaque</span> <span class='ocrx_word' id='word_1_110' title='bbox 1700 783 2011 834; x_wconf 88' lang='lat' dir='ltr'>Wesenbergius</span> <span class='ocrx_word' id='word_1_111' title='bbox 2040 784 2100 834; x_wconf 88' lang='lat' dir='ltr'>(ut</span> <span class='ocrx_word' id='word_1_112' title='bbox 2129 785 2207 823; x_wconf 88' lang='lat' dir='ltr'>iam</span> <span class='ocrx_word' id='word_1_113' title='bbox 2230 790 2322 822; x_wconf 87' lang='lat' dir='ltr'>ante</span> 
     </span>
     <span class='ocr_line' id='line_1_11' title="bbox 345 852 2320 908; baseline -0.001 -13"><span class='ocrx_word' id='word_1_114' title='bbox 345 852 574 907; x_wconf 87' lang='lat' dir='ltr'>Nissenius)</span> <span class='ocrx_word' id='word_1_115' title='bbox 604 856 790 908; x_wconf 88' lang='lat' dir='ltr'>quoniam</span> <span class='ocrx_word' id='word_1_116' title='bbox 819 856 962 895; x_wconf 83' lang='lat' dir='ltr'>ibidem</span> <span class='ocrx_word' id='word_1_117' title='bbox 992 857 1163 896; x_wconf 84' lang='lat' dir='ltr'>maxime</span> <span class='ocrx_word' id='word_1_118' title='bbox 1193 857 1350 896; x_wconf 87' lang='lat' dir='ltr'>obstare</span> <span class='ocrx_word' id='word_1_119' title='bbox 1380 857 1579 908; x_wconf 85' lang='lat' dir='ltr'>probabili</span> <span class='ocrx_word' id='word_1_120' title='bbox 1609 857 1829 896; x_wconf 88' lang='lat' dir='ltr'>sententiae</span> <span class='ocrx_word' id='word_1_121' title='bbox 1851 866 1890 896; x_wconf 87' lang='lat' dir='ltr'>et</span> <span class='ocrx_word' id='word_1_122' title='bbox 1910 857 2078 896; x_wconf 92' lang='lat' dir='ltr'>orationi</span> <span class='ocrx_word' id='word_1_123' title='bbox 2101 856 2320 907; x_wconf 87' lang='lat' dir='ltr'>videbatur,</span> 
     </span>
     <span class='ocr_line' id='line_1_12' title="bbox 344 926 2319 980; baseline 0.001 -15"><span class='ocrx_word' id='word_1_124' title='bbox 344 926 446 966; x_wconf 89' lang='lat' dir='ltr'>hanc</span> <span class='ocrx_word' id='word_1_125' title='bbox 466 927 699 979; x_wconf 85' lang='lat' dir='ltr'>particulam</span> <span class='ocrx_word' id='word_1_126' title='bbox 725 928 1044 979; x_wconf 83' lang='lat' dir='ltr'>aggrediendam,</span> <span class='ocrx_word' id='word_1_127' title='bbox 1077 943 1213 968; x_wconf 88' lang='lat' dir='ltr'>verum</span> <span class='ocrx_word' id='word_1_128' title='bbox 1237 943 1316 968; x_wconf 92' lang='lat' dir='ltr'>non</span> <span class='ocrx_word' id='word_1_129' title='bbox 1344 929 1619 979; x_wconf 87' lang='lat' dir='ltr'>abiiciendam,</span> <span class='ocrx_word' id='word_1_130' title='bbox 1652 929 1722 968; x_wconf 89' lang='lat' dir='ltr'>sed</span> <span class='ocrx_word' id='word_1_131' title='bbox 1744 928 2018 980; x_wconf 85' lang='lat' dir='ltr'>corrigendam</span> <span class='ocrx_word' id='word_1_132' title='bbox 2041 942 2127 968; x_wconf 87' lang='lat' dir='ltr'>esse</span> <span class='ocrx_word' id='word_1_133' title='bbox 2149 928 2319 967; x_wconf 87' lang='lat' dir='ltr'>censuit:</span> 
     </span>
     <span class='ocr_line' id='line_1_13' title="bbox 345 999 2322 1054; baseline -0.001 -15"><span class='ocrx_word' id='word_1_134' title='bbox 345 1014 394 1039; x_wconf 89' lang='lat' dir='ltr'>ex</span> <span class='ocrx_word' id='word_1_135' title='bbox 422 999 565 1039; x_wconf 82' lang='lat' dir='ltr'>ibidem</span> <span class='ocrx_word' id='word_1_136' title='bbox 595 999 726 1039; x_wconf 87' lang='lat' dir='ltr'>effecit</span> <span class='ocrx_word' id='word_1_137' title='bbox 756 1001 922 1052; x_wconf 83' lang='lat' dir='ltr'>quidem,</span> <span class='ocrx_word' id='word_1_138' title='bbox 956 1002 1142 1053; x_wconf 81' lang='lat' dir='ltr'>quoniam</span> <span class='ocrx_word' id='word_1_139' title='bbox 1171 1015 1274 1041; x_wconf 70' lang='lat' dir='ltr'>mors</span> <span class='ocrx_word' id='word_1_140' title='bbox 1306 1002 1461 1053; x_wconf 84' lang='lat' dir='ltr'>quidem</span> <span class='ocrx_word' id='word_1_141' title='bbox 1490 1008 1546 1041; x_wconf 75' lang='lat' dir='ltr'>est</span> <span class='ocrx_word' id='word_1_142' title='bbox 1572 1016 1610 1040; x_wconf 81' lang='lat' dir='ltr'>n.</span> <span class='ocrx_word' id='word_1_143' title='bbox 1633 1015 1663 1040; x_wconf 82' lang='lat'>8.</span> <span class='ocrx_word' id='word_1_144' title='bbox 1685 1000 1982 1054; x_wconf 80' lang='lat' dir='ltr'>receptaculum,</span> <span class='ocrx_word' id='word_1_145' title='bbox 2015 999 2083 1041; x_wconf 89' lang='lat' dir='ltr'>sed</span> <span class='ocrx_word' id='word_1_146' title='bbox 2105 999 2200 1054; x_wconf 86' lang='lat' dir='ltr'>quia</span> <span class='ocrx_word' id='word_1_147' title='bbox 2220 1013 2322 1039; x_wconf 71' lang='lat' dir='ltr'>mors</span> 
     </span>
     <span class='ocr_line' id='line_1_14' title="bbox 345 1073 2322 1125; baseline 0.001 -15"><span class='ocrx_word' id='word_1_148' title='bbox 345 1086 424 1110; x_wconf 91' lang='lat' dir='ltr'>non</span> <span class='ocrx_word' id='word_1_149' title='bbox 455 1073 552 1111; x_wconf 90' lang='lat' dir='ltr'>satis</span> <span class='ocrx_word' id='word_1_150' title='bbox 584 1078 674 1124; x_wconf 89' lang='lat' dir='ltr'>apte</span> <span class='ocrx_word' id='word_1_151' title='bbox 705 1086 751 1111; x_wconf 89' lang='lat' dir='ltr'>ea</span> <span class='ocrx_word' id='word_1_152' title='bbox 781 1073 975 1123; x_wconf 88' lang='lat' dir='ltr'>particula</span> <span class='ocrx_word' id='word_1_153' title='bbox 1005 1073 1141 1112; x_wconf 87' lang='lat' dir='ltr'>addita</span> <span class='ocrx_word' id='word_1_154' title='bbox 1170 1074 1257 1112; x_wconf 87' lang='lat' dir='ltr'>acui</span> <span class='ocrx_word' id='word_1_155' title='bbox 1292 1073 1509 1124; x_wconf 89' lang='lat' dir='ltr'>videbatur,</span> <span class='ocrx_word' id='word_1_156' title='bbox 1543 1073 1789 1125; x_wconf 86' lang='lat' dir='ltr'>transposuit</span> <span class='ocrx_word' id='word_1_157' title='bbox 1810 1074 1966 1125; x_wconf 84' lang='lat' dir='ltr'>quidem</span> <span class='ocrx_word' id='word_1_158' title='bbox 1986 1080 2025 1112; x_wconf 92' lang='lat' dir='ltr'>et</span> <span class='ocrx_word' id='word_1_159' title='bbox 2045 1073 2206 1124; x_wconf 88' lang='lat' dir='ltr'>scripsit</span> <span class='ocrx_word' id='word_1_160' title='bbox 2226 1086 2322 1124; x_wconf 84' lang='lat' dir='ltr'>quo-</span> 
     </span>
     <span class='ocr_line' id='line_1_15' title="bbox 342 1143 2321 1197; baseline 0 -14"><span class='ocrx_word' id='word_1_161' title='bbox 342 1145 452 1183; x_wconf 77' lang='lat' dir='ltr'>niam</span> <span class='ocrx_word' id='word_1_162' title='bbox 481 1145 637 1196; x_wconf 83' lang='lat' dir='ltr'>quidem</span> <span class='ocrx_word' id='word_1_163' title='bbox 665 1158 770 1184; x_wconf 74' lang='lat' dir='ltr'>mors</span> <span class='ocrx_word' id='word_1_164' title='bbox 799 1153 853 1184; x_wconf 73' lang='lat' dir='ltr'>eat</span> <span class='ocrx_word' id='word_1_165' title='bbox 872 1160 909 1184; x_wconf 82' lang='lat' dir='ltr'>n.</span> <span class='ocrx_word' id='word_1_166' title='bbox 927 1159 957 1184; x_wconf 82' lang='lat'>8.</span> <span class='ocrx_word' id='word_1_167' title='bbox 978 1145 1276 1197; x_wconf 76' lang='lat' dir='ltr'>receptaculum,</span> <span class='ocrx_word' id='word_1_168' title='bbox 1299 1151 1337 1184; x_wconf 89' lang='lat' dir='ltr'>et</span> <span class='ocrx_word' id='word_1_169' title='bbox 1356 1144 1428 1185; x_wconf 87' lang='lat' dir='ltr'>has</span> <span class='ocrx_word' id='word_1_170' title='bbox 1451 1145 1548 1184; x_wconf 90' lang='lat' dir='ltr'>duas</span> <span class='ocrx_word' id='word_1_171' title='bbox 1570 1145 1785 1197; x_wconf 87' lang='lat' dir='ltr'>particulas</span> <span class='ocrx_word' id='word_1_172' title='bbox 1808 1143 2043 1184; x_wconf 85' lang='lat' dir='ltr'>Ciceronem</span> <span class='ocrx_word' id='word_1_173' title='bbox 2065 1158 2182 1197; x_wconf 89' lang='lat' dir='ltr'>saepe</span> <span class='ocrx_word' id='word_1_174' title='bbox 2206 1158 2321 1196; x_wconf 90' lang='lat' dir='ltr'>copu-</span> 
     </span>
     <span class='ocr_line' id='line_1_16' title="bbox 343 1216 2322 1269; baseline -0.001 -14"><span class='ocrx_word' id='word_1_175' title='bbox 343 1216 424 1255; x_wconf 88' lang='lat' dir='ltr'>lare</span> <span class='ocrx_word' id='word_1_176' title='bbox 458 1216 594 1255; x_wconf 85' lang='lat' dir='ltr'>multis</span> <span class='ocrx_word' id='word_1_177' title='bbox 631 1217 824 1269; x_wconf 88' lang='lat' dir='ltr'>exemplis</span> <span class='ocrx_word' id='word_1_178' title='bbox 860 1217 1054 1268; x_wconf 86' lang='lat' dir='ltr'>probavit.</span> <span class='ocrx_word' id='word_1_179' title='bbox 1101 1218 1235 1269; x_wconf 90' lang='lat' dir='ltr'>Atque</span> <span class='ocrx_word' id='word_1_180' title='bbox 1270 1217 1368 1256; x_wconf 89' lang='lat' dir='ltr'>haec</span> <span class='ocrx_word' id='word_1_181' title='bbox 1405 1217 1631 1256; x_wconf 85' lang='lat' dir='ltr'>emendatio</span> <span class='ocrx_word' id='word_1_182' title='bbox 1666 1217 1880 1256; x_wconf 89' lang='lat' dir='ltr'>multorum</span> <span class='ocrx_word' id='word_1_183' title='bbox 1915 1217 2096 1269; x_wconf 87' lang='lat' dir='ltr'>plausum</span> <span class='ocrx_word' id='word_1_184' title='bbox 2133 1217 2225 1255; x_wconf 91' lang='lat' dir='ltr'>tulit</span> <span class='ocrx_word' id='word_1_185' title='bbox 2249 1230 2322 1268; x_wconf 74' lang='lat' dir='ltr'>per</span> 
     </span>
     <span class='ocr_line' id='line_1_17' title="bbox 343 1287 2320 1341; baseline 0 -14"><span class='ocrx_word' id='word_1_186' title='bbox 343 1288 566 1341; x_wconf 87' lang='lat' dir='ltr'>multasque</span> <span class='ocrx_word' id='word_1_187' title='bbox 602 1288 797 1328; x_wconf 89' lang='lat' dir='ltr'>editiones</span> <span class='ocrx_word' id='word_1_188' title='bbox 833 1289 1098 1328; x_wconf 85' lang='lat' dir='ltr'>recentiorum</span> <span class='ocrx_word' id='word_1_189' title='bbox 1134 1289 1372 1340; x_wconf 81' lang='lat' dir='ltr'>criticorum,</span> <span class='ocrx_word' id='word_1_190' title='bbox 1418 1288 1611 1339; x_wconf 89' lang='lat' dir='ltr'>Tischeriâ€š</span> <span class='ocrx_word' id='word_1_191' title='bbox 1645 1287 1800 1339; x_wconf 90' lang='lat' dir='ltr'>Sorofii,</span> <span class='ocrx_word' id='word_1_192' title='bbox 1833 1288 1982 1339; x_wconf 91' lang='lat' dir='ltr'>Heinii,</span> <span class='ocrx_word' id='word_1_193' title='bbox 2014 1288 2237 1339; x_wconf 90' lang='lat' dir='ltr'>Meissneri,</span> <span class='ocrx_word' id='word_1_194' title='bbox 2270 1288 2320 1327; x_wconf 87' lang='lat' dir='ltr'>al.</span> 
     </span>
     <span class='ocr_line' id='line_1_18' title="bbox 342 1360 2322 1414; baseline -0.001 -14"><span class='ocrx_word' id='word_1_195' title='bbox 342 1366 558 1413; x_wconf 87' lang='lat' dir='ltr'>propagata</span> <span class='ocrx_word' id='word_1_196' title='bbox 588 1367 658 1401; x_wconf 91' lang='lat' dir='ltr'>est.</span> <span class='ocrx_word' id='word_1_197' title='bbox 703 1360 882 1410; x_wconf 79' lang='lat' dir='ltr'>Quorum</span> <span class='ocrx_word' id='word_1_198' title='bbox 912 1362 1123 1402; x_wconf 87' lang='lat' dir='ltr'>consensui</span> <span class='ocrx_word' id='word_1_199' title='bbox 1154 1362 1365 1414; x_wconf 90' lang='lat' dir='ltr'>quominus</span> <span class='ocrx_word' id='word_1_200' title='bbox 1395 1361 1630 1401; x_wconf 86' lang='lat' dir='ltr'>accedamus</span> <span class='ocrx_word' id='word_1_201' title='bbox 1651 1361 1777 1400; x_wconf 90' lang='lat' dir='ltr'>multa</span> <span class='ocrx_word' id='word_1_202' title='bbox 1797 1375 1868 1401; x_wconf 92' lang='lat' dir='ltr'>nos</span> <span class='ocrx_word' id='word_1_203' title='bbox 1889 1361 2079 1400; x_wconf 84' lang='lat' dir='ltr'>retinent:</span> <span class='ocrx_word' id='word_1_204' title='bbox 2111 1374 2159 1400; x_wconf 90' lang='lat' dir='ltr'>ex</span> <span class='ocrx_word' id='word_1_205' title='bbox 2179 1360 2322 1399; x_wconf 86' lang='lat' dir='ltr'>ibidem</span> 
     </span>
     <span class='ocr_line' id='line_1_19' title="bbox 342 1433 2322 1487; baseline 0 -15"><span class='ocrx_word' id='word_1_206' title='bbox 342 1433 497 1473; x_wconf 88' lang='lat' dir='ltr'>efficere</span> <span class='ocrx_word' id='word_1_207' title='bbox 528 1434 694 1486; x_wconf 82' lang='lat' dir='ltr'>quidem,</span> <span class='ocrx_word' id='word_1_208' title='bbox 727 1447 804 1485; x_wconf 94' lang='lat' dir='ltr'>quo</span> <span class='ocrx_word' id='word_1_209' title='bbox 835 1433 934 1472; x_wconf 89' lang='lat' dir='ltr'>nihil</span> <span class='ocrx_word' id='word_1_210' title='bbox 964 1448 1062 1486; x_wconf 90' lang='lat' dir='ltr'>opus</span> <span class='ocrx_word' id='word_1_211' title='bbox 1093 1440 1188 1485; x_wconf 90' lang='lat' dir='ltr'>erat,</span> <span class='ocrx_word' id='word_1_212' title='bbox 1221 1440 1259 1473; x_wconf 91' lang='lat' dir='ltr'>et</span> <span class='ocrx_word' id='word_1_213' title='bbox 1288 1434 1362 1473; x_wconf 91' lang='lat' dir='ltr'>hoc</span> <span class='ocrx_word' id='word_1_214' title='bbox 1392 1434 1485 1487; x_wconf 87' lang='lat' dir='ltr'>quia</span> <span class='ocrx_word' id='word_1_215' title='bbox 1513 1448 1558 1473; x_wconf 95' lang='lat' dir='ltr'>eo</span> <span class='ocrx_word' id='word_1_216' title='bbox 1589 1434 1675 1473; x_wconf 93' lang='lat' dir='ltr'>loco</span> <span class='ocrx_word' id='word_1_217' title='bbox 1706 1434 1884 1486; x_wconf 89' lang='lat' dir='ltr'>ineptum</span> <span class='ocrx_word' id='word_1_218' title='bbox 1914 1440 1975 1473; x_wconf 90' lang='lat' dir='ltr'>est</span> <span class='ocrx_word' id='word_1_219' title='bbox 2004 1441 2261 1485; x_wconf 87' lang='lat' dir='ltr'>transponere</span> <span class='ocrx_word' id='word_1_220' title='bbox 2283 1440 2322 1472; x_wconf 91' lang='lat' dir='ltr'>et</span> 
     </span>
     <span class='ocr_line' id='line_1_20' title="bbox 343 1505 2318 1558; baseline -0.001 -12"><span class='ocrx_word' id='word_1_221' title='bbox 343 1506 515 1546; x_wconf 87' lang='lat' dir='ltr'>scribere</span> <span class='ocrx_word' id='word_1_222' title='bbox 546 1507 731 1558; x_wconf 81' lang='lat' dir='ltr'>quoniam</span> <span class='ocrx_word' id='word_1_223' title='bbox 761 1507 929 1558; x_wconf 83' lang='lat' dir='ltr'>quidem,</span> <span class='ocrx_word' id='word_1_224' title='bbox 960 1506 1065 1558; x_wconf 91' lang='lat' dir='ltr'>quod</span> <span class='ocrx_word' id='word_1_225' title='bbox 1094 1507 1188 1545; x_wconf 92' lang='lat' dir='ltr'>item</span> <span class='ocrx_word' id='word_1_226' title='bbox 1219 1507 1358 1545; x_wconf 91' lang='lat' dir='ltr'>inutile</span> <span class='ocrx_word' id='word_1_227' title='bbox 1379 1512 1475 1557; x_wconf 88' lang='lat' dir='ltr'>erat,</span> <span class='ocrx_word' id='word_1_228' title='bbox 1508 1520 1625 1558; x_wconf 91' lang='lat' dir='ltr'>quam</span> <span class='ocrx_word' id='word_1_229' title='bbox 1647 1506 1808 1545; x_wconf 90' lang='lat' dir='ltr'>tandem</span> <span class='ocrx_word' id='word_1_230' title='bbox 1829 1506 2152 1558; x_wconf 86' lang='lat' dir='ltr'>probabilitatem</span> <span class='ocrx_word' id='word_1_231' title='bbox 2174 1505 2318 1545; x_wconf 91' lang='lat' dir='ltr'>habere</span> 
     </span>
     <span class='ocr_line' id='line_1_21' title="bbox 342 1577 2318 1630; baseline -0.001 -13"><span class='ocrx_word' id='word_1_232' title='bbox 342 1578 510 1618; x_wconf 89' lang='lat' dir='ltr'>dicimus</span> <span class='ocrx_word' id='word_1_233' title='bbox 540 1578 642 1617; x_wconf 90' lang='lat' dir='ltr'>hanc</span> <span class='ocrx_word' id='word_1_234' title='bbox 672 1578 907 1617; x_wconf 88' lang='lat' dir='ltr'>emendandi</span> <span class='ocrx_word' id='word_1_235' title='bbox 938 1579 1161 1617; x_wconf 78' lang='lat' dir='ltr'>rationem?</span> <span class='ocrx_word' id='word_1_236' title='bbox 1206 1585 1248 1617; x_wconf 94' lang='lat' dir='ltr'>ut</span> <span class='ocrx_word' id='word_1_237' title='bbox 1276 1579 1497 1629; x_wconf 84' lang='lat' dir='ltr'>mittamus,</span> <span class='ocrx_word' id='word_1_238' title='bbox 1535 1593 1583 1617; x_wconf 90' lang='lat' dir='ltr'>ne</span> <span class='ocrx_word' id='word_1_239' title='bbox 1614 1579 1711 1618; x_wconf 88' lang='lat' dir='ltr'>satis</span> <span class='ocrx_word' id='word_1_240' title='bbox 1741 1585 1831 1630; x_wconf 87' lang='lat' dir='ltr'>apte</span> <span class='ocrx_word' id='word_1_241' title='bbox 1861 1578 2021 1630; x_wconf 91' lang='lat' dir='ltr'>quidem</span> <span class='ocrx_word' id='word_1_242' title='bbox 2051 1584 2217 1617; x_wconf 90' lang='lat' dir='ltr'>mortem</span> <span class='ocrx_word' id='word_1_243' title='bbox 2240 1577 2318 1616; x_wconf 90' lang='lat' dir='ltr'>dici</span> 
     </span>
     <span class='ocr_line' id='line_1_22' title="bbox 342 1648 2318 1702; baseline -0.001 -13"><span class='ocrx_word' id='word_1_244' title='bbox 342 1664 429 1690; x_wconf 88' lang='lat' dir='ltr'>esse</span> <span class='ocrx_word' id='word_1_245' title='bbox 459 1650 752 1702; x_wconf 87' lang='lat' dir='ltr'>receptaculum</span> <span class='ocrx_word' id='word_1_246' title='bbox 778 1650 879 1689; x_wconf 91' lang='lat' dir='ltr'>nihil</span> <span class='ocrx_word' id='word_1_247' title='bbox 900 1650 1114 1699; x_wconf 84' lang='lat' dir='ltr'>sentiendi3</span> <span class='ocrx_word' id='word_1_248' title='bbox 1143 1656 1247 1689; x_wconf 86' lang='lat' dir='ltr'>certe</span> <span class='ocrx_word' id='word_1_249' title='bbox 1268 1650 1514 1702; x_wconf 86' lang='lat' dir='ltr'>probabilius</span> <span class='ocrx_word' id='word_1_250' title='bbox 1537 1650 1692 1689; x_wconf 90' lang='lat' dir='ltr'>videtur</span> <span class='ocrx_word' id='word_1_251' title='bbox 1712 1650 1818 1701; x_wconf 92' lang='lat' dir='ltr'>quod</span> <span class='ocrx_word' id='word_1_252' title='bbox 1840 1648 1981 1690; x_wconf 89' lang='lat' dir='ltr'>Cicero</span> <span class='ocrx_word' id='word_1_253' title='bbox 2003 1649 2050 1688; x_wconf 93' lang='lat' dir='ltr'>de</span> <span class='ocrx_word' id='word_1_254' title='bbox 2072 1649 2318 1689; x_wconf 85' lang='lat' dir='ltr'>divinatione</span> 
     </span>
     <span class='ocr_line' id='line_1_23' title="bbox 340 1720 2317 1774; baseline -0.001 -13"><span class='ocrx_word' id='word_1_255' title='bbox 340 1735 370 1762; x_wconf 88' lang='lat'>11</span> <span class='ocrx_word' id='word_1_256' title='bbox 393 1723 459 1772; x_wconf 82' lang='lat'>72,</span> <span class='ocrx_word' id='word_1_257' title='bbox 483 1722 561 1761; x_wconf 85' lang='lat'>150</span> <span class='ocrx_word' id='word_1_258' title='bbox 582 1722 637 1760; x_wconf 87' lang='lat' dir='ltr'>ait</span> <span class='ocrx_word' id='word_1_259' title='bbox 658 1722 888 1774; x_wconf 74' lang='lat' dir='ltr'>perfuyium</span> <span class='ocrx_word' id='word_1_260' title='bbox 908 1723 1060 1761; x_wconf 85' lang='lat' dir='ltr'>videtur</span> <span class='ocrx_word' id='word_1_261' title='bbox 1080 1723 1252 1761; x_wconf 79' lang='lat' dir='ltr'>omnium</span> <span class='ocrx_word' id='word_1_262' title='bbox 1272 1721 1450 1761; x_wconf 85' lang='lat' dir='ltr'>laborum</span> <span class='ocrx_word' id='word_1_263' title='bbox 1471 1729 1505 1761; x_wconf 89' lang='lat' dir='ltr'>et</span> <span class='ocrx_word' id='word_1_264' title='bbox 1523 1722 1830 1761; x_wconf 65' lang='lat' dir='ltr'>sollicitudinum</span> <span class='ocrx_word' id='word_1_265' title='bbox 1850 1735 1928 1761; x_wconf 72' lang='lat' dir='ltr'>esee</span> <span class='ocrx_word' id='word_1_266' title='bbox 1948 1735 2105 1760; x_wconf 68' lang='lat' dir='ltr'>somnus</span> <span class='ocrx_word' id='word_1_267' title='bbox 2125 1727 2193 1760; x_wconf 87' lang='lat' dir='ltr'>aut</span> <span class='ocrx_word' id='word_1_268' title='bbox 2212 1720 2317 1774; x_wconf 92' lang='lat' dir='ltr'>quod</span> 
     </span>
     <span class='ocr_line' id='line_1_24' title="bbox 340 1792 2320 1846; baseline -0.001 -13"><span class='ocrx_word' id='word_1_269' title='bbox 340 1793 446 1833; x_wconf 91' lang='lat' dir='ltr'>idem</span> <span class='ocrx_word' id='word_1_270' title='bbox 478 1807 547 1846; x_wconf 92' lang='lat' dir='ltr'>pro</span> <span class='ocrx_word' id='word_1_271' title='bbox 578 1792 735 1833; x_wconf 89' lang='lat' dir='ltr'>Cluent.</span> <span class='ocrx_word' id='word_1_272' title='bbox 758 1794 822 1844; x_wconf 85' lang='lat'>61,</span> <span class='ocrx_word' id='word_1_273' title='bbox 858 1794 931 1833; x_wconf 79' lang='lat'>171</span> <span class='ocrx_word' id='word_1_274' title='bbox 972 1794 1061 1832; x_wconf 74' lang='lat' dir='ltr'>kuic</span> <span class='ocrx_word' id='word_1_275' title='bbox 1089 1800 1250 1832; x_wconf 81' lang='lat' dir='ltr'>mortem</span> <span class='ocrx_word' id='word_1_276' title='bbox 1277 1793 1503 1832; x_wconf 83' lang='lat' dir='ltr'>maturabat</span> <span class='ocrx_word' id='word_1_277' title='bbox 1529 1795 1723 1843; x_wconf 71' lang='lat' dir='ltr'>inimicus,</span> <span class='ocrx_word' id='word_1_278' title='bbox 1763 1794 1868 1845; x_wconf 82' lang='lat' dir='ltr'>quod</span> <span class='ocrx_word' id='word_1_279' title='bbox 1895 1793 1960 1831; x_wconf 86' lang='lat' dir='ltr'>illi</span> <span class='ocrx_word' id='word_1_280' title='bbox 1987 1807 2106 1831; x_wconf 87' lang='lat' dir='ltr'>unum</span> <span class='ocrx_word' id='word_1_281' title='bbox 2135 1794 2177 1831; x_wconf 84' lang='lat' dir='ltr'>in</span> <span class='ocrx_word' id='word_1_282' title='bbox 2206 1794 2320 1831; x_wconf 76' lang='lat' dir='ltr'>malie</span> 
     </span>
     <span class='ocr_line' id='line_1_25' title="bbox 341 1863 2320 1919; baseline -0.001 -14"><span class='ocrx_word' id='word_1_283' title='bbox 341 1874 425 1906; x_wconf 86' lang='lat' dir='ltr'>erat</span> <span class='ocrx_word' id='word_1_284' title='bbox 449 1866 678 1919; x_wconf 71' lang='lat' dir='ltr'>perfuyiunt</span> <span class='ocrx_word' id='word_1_285' title='bbox 707 1867 955 1905; x_wconf 72' lang='lat' dir='ltr'>calamitatis.</span> <span class='ocrx_word' id='word_1_286' title='bbox 1000 1863 1079 1904; x_wconf 90' lang='lat' dir='ltr'>Sed</span> <span class='ocrx_word' id='word_1_287' title='bbox 1110 1866 1281 1905; x_wconf 87' lang='lat' dir='ltr'>editores</span> <span class='ocrx_word' id='word_1_288' title='bbox 1312 1865 1530 1917; x_wconf 86' lang='lat' dir='ltr'>gaudentes</span> <span class='ocrx_word' id='word_1_289' title='bbox 1560 1866 1707 1905; x_wconf 88' lang='lat' dir='ltr'>habere</span> <span class='ocrx_word' id='word_1_290' title='bbox 1738 1865 1844 1917; x_wconf 92' lang='lat' dir='ltr'>quod</span> <span class='ocrx_word' id='word_1_291' title='bbox 1875 1865 1937 1904; x_wconf 92' lang='lat' dir='ltr'>edi</span> <span class='ocrx_word' id='word_1_292' title='bbox 1969 1866 2096 1917; x_wconf 89' lang='lat' dir='ltr'>possit</span> <span class='ocrx_word' id='word_1_293' title='bbox 2125 1872 2164 1904; x_wconf 91' lang='lat' dir='ltr'>et</span> <span class='ocrx_word' id='word_1_294' title='bbox 2193 1865 2227 1904; x_wconf 88' lang='lat' dir='ltr'>si</span> <span class='ocrx_word' id='word_1_295' title='bbox 2258 1864 2320 1904; x_wconf 88' lang='lat' dir='ltr'>dis</span> 
     </span>
     <span class='ocr_line' id='line_1_26' title="bbox 340 1936 2319 1990; baseline -0.001 -13"><span class='ocrx_word' id='word_1_296' title='bbox 340 1939 470 1989; x_wconf 88' lang='lat' dir='ltr'>placet</span> <span class='ocrx_word' id='word_1_297' title='bbox 499 1939 728 1978; x_wconf 86' lang='lat' dir='ltr'>conniventi</span> <span class='ocrx_word' id='word_1_298' title='bbox 758 1939 928 1989; x_wconf 86' lang='lat' dir='ltr'>probari,</span> <span class='ocrx_word' id='word_1_299' title='bbox 962 1952 1044 1977; x_wconf 91' lang='lat' dir='ltr'>rem</span> <span class='ocrx_word' id='word_1_300' title='bbox 1064 1938 1218 1977; x_wconf 88' lang='lat' dir='ltr'>futilem</span> <span class='ocrx_word' id='word_1_301' title='bbox 1245 1944 1447 1990; x_wconf 87' lang='lat' dir='ltr'>tamquam</span> <span class='ocrx_word' id='word_1_302' title='bbox 1479 1944 1626 1978; x_wconf 90' lang='lat' dir='ltr'>certam</span> <span class='ocrx_word' id='word_1_303' title='bbox 1653 1937 1865 1989; x_wconf 85' lang='lat' dir='ltr'>vulgarunt</span> <span class='ocrx_word' id='word_1_304' title='bbox 1897 1938 2010 1990; x_wconf 91' lang='lat' dir='ltr'>eique</span> <span class='ocrx_word' id='word_1_305' title='bbox 2043 1937 2148 1990; x_wconf 91' lang='lat' dir='ltr'>quod</span> <span class='ocrx_word' id='word_1_306' title='bbox 2175 1936 2319 1977; x_wconf 88' lang='lat' dir='ltr'>falsum</span> 
     </span>
     <span class='ocr_line' id='line_1_27' title="bbox 340 2008 2318 2063; baseline -0.002 -13"><span class='ocrx_word' id='word_1_307' title='bbox 340 2016 424 2050; x_wconf 89' lang='lat' dir='ltr'>erat</span> <span class='ocrx_word' id='word_1_308' title='bbox 453 2010 626 2063; x_wconf 90' lang='lat' dir='ltr'>speciem</span> <span class='ocrx_word' id='word_1_309' title='bbox 657 2009 835 2049; x_wconf 89' lang='lat' dir='ltr'>veritatis</span> <span class='ocrx_word' id='word_1_310' title='bbox 865 2008 1090 2049; x_wconf 89' lang='lat' dir='ltr'>induerunt.</span> <span class='ocrx_word' id='word_1_311' title='bbox 1136 2008 1296 2060; x_wconf 84' lang='lat' dir='ltr'>Quanto</span> <span class='ocrx_word' id='word_1_312' title='bbox 1318 2010 1592 2063; x_wconf 86' lang='lat' dir='ltr'>praestitisset,</span> <span class='ocrx_word' id='word_1_313' title='bbox 1616 2023 1717 2063; x_wconf 89' lang='lat' dir='ltr'>quae</span> <span class='ocrx_word' id='word_1_314' title='bbox 1738 2017 1845 2049; x_wconf 88' lang='lat' dir='ltr'>certa</span> <span class='ocrx_word' id='word_1_315' title='bbox 1866 2009 2143 2049; x_wconf 87' lang='lat' dir='ltr'>emendatione</span> <span class='ocrx_word' id='word_1_316' title='bbox 2164 2009 2318 2047; x_wconf 85' lang='lat' dir='ltr'>restitui</span> 
     </span>
     <span class='ocr_line' id='line_1_28' title="bbox 338 2082 2317 2135; baseline -0.001 -13"><span class='ocrx_word' id='word_1_317' title='bbox 338 2096 417 2122; x_wconf 90' lang='lat' dir='ltr'>non</span> <span class='ocrx_word' id='word_1_318' title='bbox 448 2088 631 2135; x_wconf 89' lang='lat' dir='ltr'>poterant</span> <span class='ocrx_word' id='word_1_319' title='bbox 660 2082 810 2122; x_wconf 87' lang='lat' dir='ltr'>intacta</span> <span class='ocrx_word' id='word_1_320' title='bbox 840 2082 1061 2135; x_wconf 89' lang='lat' dir='ltr'>relinquere</span> <span class='ocrx_word' id='word_1_321' title='bbox 1091 2089 1130 2121; x_wconf 91' lang='lat' dir='ltr'>et</span> <span class='ocrx_word' id='word_1_322' title='bbox 1160 2083 1274 2135; x_wconf 88' lang='lat' dir='ltr'>quasi</span> <span class='ocrx_word' id='word_1_323' title='bbox 1304 2083 1532 2122; x_wconf 89' lang='lat' dir='ltr'>morbosum</span> <span class='ocrx_word' id='word_1_324' title='bbox 1561 2084 1602 2122; x_wconf 91' lang='lat' dir='ltr'>in</span> <span class='ocrx_word' id='word_1_325' title='bbox 1634 2083 1791 2135; x_wconf 90' lang='lat' dir='ltr'>publico</span> <span class='ocrx_word' id='word_1_326' title='bbox 1828 2097 2037 2135; x_wconf 85' lang='lat' dir='ltr'>exponere,</span> <span class='ocrx_word' id='word_1_327' title='bbox 2076 2090 2117 2121; x_wconf 89' lang='lat' dir='ltr'>ut</span> <span class='ocrx_word' id='word_1_328' title='bbox 2147 2089 2317 2134; x_wconf 89' lang='lat' dir='ltr'>praeter-</span> 
     </span>
     <span class='ocr_line' id='line_1_29' title="bbox 338 2155 1920 2207; baseline 0.001 -14"><span class='ocrx_word' id='word_1_329' title='bbox 338 2155 516 2193; x_wconf 87' lang='lat' dir='ltr'>euntium</span> <span class='ocrx_word' id='word_1_330' title='bbox 545 2155 859 2193; x_wconf 79' lang='lat' dir='ltr'>misericordiam</span> <span class='ocrx_word' id='word_1_331' title='bbox 889 2161 1066 2193; x_wconf 90' lang='lat' dir='ltr'>moveret</span> <span class='ocrx_word' id='word_1_332' title='bbox 1094 2161 1134 2193; x_wconf 88' lang='lat' dir='ltr'>et</span> <span class='ocrx_word' id='word_1_333' title='bbox 1161 2155 1329 2194; x_wconf 86' lang='lat' dir='ltr'>fortasse</span> <span class='ocrx_word' id='word_1_334' title='bbox 1359 2155 1537 2194; x_wconf 80' lang='lat' dir='ltr'>medelae</span> <span class='ocrx_word' id='word_1_335' title='bbox 1568 2156 1766 2207; x_wconf 87' lang='lat' dir='ltr'>particeps</span> <span class='ocrx_word' id='word_1_336' title='bbox 1797 2156 1920 2194; x_wconf 89' lang='lat' dir='ltr'>fieret.</span> 
     </span>
    </p>

    <p class='ocr_par' dir='ltr' id='par_1_3' title="bbox 335 2225 2314 2565">
     <span class='ocr_line' id='line_1_30' title="bbox 535 2225 2313 2278; baseline -0.001 -14"><span class='ocrx_word' id='word_1_337' title='bbox 535 2226 618 2265; x_wconf 92' lang='lat' dir='ltr'>Nos</span> <span class='ocrx_word' id='word_1_338' title='bbox 650 2225 742 2264; x_wconf 91' lang='lat' dir='ltr'>dum</span> <span class='ocrx_word' id='word_1_339' title='bbox 773 2226 1086 2278; x_wconf 87' lang='lat' dir='ltr'>contemplamur</span> <span class='ocrx_word' id='word_1_340' title='bbox 1114 2225 1213 2265; x_wconf 89' lang='lat' dir='ltr'>illud</span> <span class='ocrx_word' id='word_1_341' title='bbox 1242 2226 1373 2278; x_wconf 87' lang='lat' dir='ltr'>ipsum</span> <span class='ocrx_word' id='word_1_342' title='bbox 1401 2227 1544 2266; x_wconf 84' lang='lat' dir='ltr'>ibidem</span> <span class='ocrx_word' id='word_1_343' title='bbox 1574 2226 1678 2278; x_wconf 92' lang='lat' dir='ltr'>quod</span> <span class='ocrx_word' id='word_1_344' title='bbox 1710 2233 1790 2265; x_wconf 89' lang='lat' dir='ltr'>tam</span> <span class='ocrx_word' id='word_1_345' title='bbox 1820 2226 1956 2265; x_wconf 87' lang='lat' dir='ltr'>multis</span> <span class='ocrx_word' id='word_1_346' title='bbox 1992 2226 2198 2265; x_wconf 86' lang='lat' dir='ltr'>offensioni</span> <span class='ocrx_word' id='word_1_347' title='bbox 2229 2225 2313 2276; x_wconf 84' lang='lat' dir='ltr'>fuit,</span> 
     </span>
     <span class='ocr_line' id='line_1_31' title="bbox 337 2296 2314 2350; baseline -0.001 -14"><span class='ocrx_word' id='word_1_348' title='bbox 337 2304 376 2336; x_wconf 89' lang='lat' dir='ltr'>et</span> <span class='ocrx_word' id='word_1_349' title='bbox 405 2297 523 2337; x_wconf 90' lang='lat' dir='ltr'>simul</span> <span class='ocrx_word' id='word_1_350' title='bbox 553 2296 795 2336; x_wconf 87' lang='lat' dir='ltr'>attendimus</span> <span class='ocrx_word' id='word_1_351' title='bbox 825 2311 905 2336; x_wconf 92' lang='lat' dir='ltr'>non</span> <span class='ocrx_word' id='word_1_352' title='bbox 935 2297 1052 2349; x_wconf 90' lang='lat' dir='ltr'>plene</span> <span class='ocrx_word' id='word_1_353' title='bbox 1083 2297 1311 2337; x_wconf 84' lang='lat' dir='ltr'>satisfacere</span> <span class='ocrx_word' id='word_1_354' title='bbox 1333 2311 1419 2337; x_wconf 88' lang='lat' dir='ltr'>eam</span> <span class='ocrx_word' id='word_1_355' title='bbox 1441 2298 1631 2337; x_wconf 90' lang='lat' dir='ltr'>orationis</span> <span class='ocrx_word' id='word_1_356' title='bbox 1652 2297 1818 2337; x_wconf 83' lang='lat' dir='ltr'>formam</span> <span class='ocrx_word' id='word_1_357' title='bbox 1839 2310 1916 2350; x_wconf 90' lang='lat' dir='ltr'>qua</span> <span class='ocrx_word' id='word_1_358' title='bbox 1936 2311 2042 2336; x_wconf 87' lang='lat' dir='ltr'>mors</span> <span class='ocrx_word' id='word_1_359' title='bbox 2065 2297 2207 2335; x_wconf 88' lang='lat' dir='ltr'>dicitur</span> <span class='ocrx_word' id='word_1_360' title='bbox 2227 2310 2314 2335; x_wconf 91' lang='lat' dir='ltr'>esse</span> 
     </span>
     <span class='ocr_line' id='line_1_32' title="bbox 335 2368 2313 2421; baseline 0 -15"><span class='ocrx_word' id='word_1_361' title='bbox 335 2368 437 2407; x_wconf 90' lang='lat' dir='ltr'>nihil</span> <span class='ocrx_word' id='word_1_362' title='bbox 466 2368 664 2407; x_wconf 88' lang='lat' dir='ltr'>sentiendi</span> <span class='ocrx_word' id='word_1_363' title='bbox 694 2368 999 2419; x_wconf 86' lang='lat' dir='ltr'>receptaculum,</span> <span class='ocrx_word' id='word_1_364' title='bbox 1031 2368 1125 2407; x_wconf 90' lang='lat' dir='ltr'>inde</span> <span class='ocrx_word' id='word_1_365' title='bbox 1155 2377 1250 2408; x_wconf 88' lang='lat' dir='ltr'>nata</span> <span class='ocrx_word' id='word_1_366' title='bbox 1278 2376 1339 2408; x_wconf 88' lang='lat' dir='ltr'>est</span> <span class='ocrx_word' id='word_1_367' title='bbox 1368 2370 1502 2421; x_wconf 92' lang='lat' dir='ltr'>opinio</span> <span class='ocrx_word' id='word_1_368' title='bbox 1532 2384 1610 2408; x_wconf 88' lang='lat' dir='ltr'>non</span> <span class='ocrx_word' id='word_1_369' title='bbox 1643 2370 1913 2408; x_wconf 88' lang='lat' dir='ltr'>additamento</span> <span class='ocrx_word' id='word_1_370' title='bbox 1944 2377 2100 2407; x_wconf 85' lang='lat' dir='ltr'>auctam</span> <span class='ocrx_word' id='word_1_371' title='bbox 2122 2382 2195 2406; x_wconf 91' lang='lat' dir='ltr'>nec</span> <span class='ocrx_word' id='word_1_372' title='bbox 2217 2369 2313 2407; x_wconf 91' lang='lat' dir='ltr'>vitio</span> 
     </span>
     <span class='ocr_line' id='line_1_33' title="bbox 335 2438 2312 2492; baseline -0.001 -12"><span class='ocrx_word' id='word_1_373' title='bbox 335 2441 524 2480; x_wconf 85' lang='lat' dir='ltr'>infectam</span> <span class='ocrx_word' id='word_1_374' title='bbox 559 2454 646 2480; x_wconf 90' lang='lat' dir='ltr'>esse</span> <span class='ocrx_word' id='word_1_375' title='bbox 682 2439 752 2479; x_wconf 91' lang='lat' dir='ltr'>sed</span> <span class='ocrx_word' id='word_1_376' title='bbox 788 2439 944 2479; x_wconf 87' lang='lat' dir='ltr'>defectu</span> <span class='ocrx_word' id='word_1_377' title='bbox 973 2439 1155 2480; x_wconf 87' lang='lat' dir='ltr'>laborare</span> <span class='ocrx_word' id='word_1_378' title='bbox 1185 2441 1422 2492; x_wconf 86' lang='lat' dir='ltr'>orationem,</span> <span class='ocrx_word' id='word_1_379' title='bbox 1461 2447 1500 2481; x_wconf 91' lang='lat' dir='ltr'>et</span> <span class='ocrx_word' id='word_1_380' title='bbox 1532 2454 1667 2481; x_wconf 88' lang='lat' dir='ltr'>vocem</span> <span class='ocrx_word' id='word_1_381' title='bbox 1698 2455 1816 2480; x_wconf 89' lang='lat' dir='ltr'>unam</span> <span class='ocrx_word' id='word_1_382' title='bbox 1847 2440 1995 2479; x_wconf 85' lang='lat' dir='ltr'>duasve</span> <span class='ocrx_word' id='word_1_383' title='bbox 2026 2453 2158 2478; x_wconf 89' lang='lat' dir='ltr'>errore</span> <span class='ocrx_word' id='word_1_384' title='bbox 2193 2438 2312 2478; x_wconf 87' lang='lat' dir='ltr'>inter-</span> 
     </span>
     <span class='ocr_line' id='line_1_34' title="bbox 336 2510 1266 2565; baseline -0.001 -12"><span class='ocrx_word' id='word_1_385' title='bbox 336 2519 469 2565; x_wconf 90' lang='lat' dir='ltr'>ceptas</span> <span class='ocrx_word' id='word_1_386' title='bbox 500 2527 598 2564; x_wconf 89' lang='lat' dir='ltr'>esse,</span> <span class='ocrx_word' id='word_1_387' title='bbox 632 2510 866 2553; x_wconf 88' lang='lat' dir='ltr'>Ciceronem</span> <span class='ocrx_word' id='word_1_388' title='bbox 896 2518 1026 2552; x_wconf 88' lang='lat' dir='ltr'>autem</span> <span class='ocrx_word' id='word_1_389' title='bbox 1057 2513 1266 2565; x_wconf 88' lang='lat' dir='ltr'>scripsisse</span> 
     </span>
    </p>

    <p class='ocr_par' dir='ltr' id='par_1_4' title="bbox 332 2580 2314 2998">
     <span class='ocr_line' id='line_1_35' title="bbox 666 2580 2314 2638; baseline -0.001 -14"><span class='ocrx_word' id='word_1_390' title='bbox 666 2585 812 2624; x_wconf 71' lang='lat' dir='ltr'>Portus</span> <span class='ocrx_word' id='word_1_391' title='bbox 842 2586 942 2624; x_wconf 79' lang='lat' dir='ltr'>enim</span> <span class='ocrx_word' id='word_1_392' title='bbox 965 2593 1125 2637; x_wconf 72' lang='lat' dir='ltr'>praesto</span> <span class='ocrx_word' id='word_1_393' title='bbox 1155 2592 1228 2635; x_wconf 73' lang='lat' dir='ltr'>eet,</span> <span class='ocrx_word' id='word_1_394' title='bbox 1260 2587 1447 2638; x_wconf 82' lang='lat' dir='ltr'>quoniam</span> <span class='ocrx_word' id='word_1_395' title='bbox 1476 2598 1579 2623; x_wconf 71' lang='lat' dir='ltr'>mors</span> <span class='ocrx_word' id='word_1_396' title='bbox 1611 2581 1697 2635; x_wconf 90' lang='lat' dir='ltr'>[ubi</span> <span class='ocrx_word' id='word_1_397' title='bbox 1728 2580 1823 2635; x_wconf 90' lang='lat' dir='ltr'>est]â€š</span> <span class='ocrx_word' id='word_1_398' title='bbox 1860 2584 2003 2623; x_wconf 88' lang='lat' dir='ltr'>ibidem</span> <span class='ocrx_word' id='word_1_399' title='bbox 2034 2591 2088 2623; x_wconf 66' lang='lat' dir='ltr'>eat</span> <span class='ocrx_word' id='word_1_400' title='bbox 2116 2591 2314 2623; x_wconf 71' lang='lat' dir='ltr'>aeter-num</span> 
     </span>
     <span class='ocr_line' id='line_1_36' title="bbox 662 2656 1303 2710; baseline 0 -15"><span class='ocrx_word' id='word_1_401' title='bbox 662 2656 765 2695; x_wconf 74' lang='lat' dir='ltr'>nihil</span> <span class='ocrx_word' id='word_1_402' title='bbox 791 2658 984 2696; x_wconf 73' lang='lat' dir='ltr'>sentiendi</span> <span class='ocrx_word' id='word_1_403' title='bbox 1010 2658 1303 2710; x_wconf 82' lang='lat' dir='ltr'>receptaculum.</span> 
     </span>
     <span class='ocr_line' id='line_1_37' title="bbox 335 2726 2312 2781; baseline -0.001 -13"><span class='ocrx_word' id='word_1_404' title='bbox 335 2727 404 2769; x_wconf 88' lang='lat' dir='ltr'>Sic</span> <span class='ocrx_word' id='word_1_405' title='bbox 433 2735 472 2769; x_wconf 89' lang='lat' dir='ltr'>et</span> <span class='ocrx_word' id='word_1_406' title='bbox 500 2728 643 2769; x_wconf 86' lang='lat' dir='ltr'>ibidem</span> <span class='ocrx_word' id='word_1_407' title='bbox 671 2729 792 2768; x_wconf 89' lang='lat' dir='ltr'>habet</span> <span class='ocrx_word' id='word_1_408' title='bbox 817 2742 895 2781; x_wconf 91' lang='lat' dir='ltr'>quo</span> <span class='ocrx_word' id='word_1_409' title='bbox 921 2729 1125 2780; x_wconf 87' lang='lat' dir='ltr'>referatur,</span> <span class='ocrx_word' id='word_1_410' title='bbox 1153 2735 1193 2769; x_wconf 90' lang='lat' dir='ltr'>et</span> <span class='ocrx_word' id='word_1_411' title='bbox 1210 2734 1316 2768; x_wconf 91' lang='lat' dir='ltr'>recte</span> <span class='ocrx_word' id='word_1_412' title='bbox 1338 2728 1481 2768; x_wconf 88' lang='lat' dir='ltr'>dicitur</span> <span class='ocrx_word' id='word_1_413' title='bbox 1502 2741 1580 2767; x_wconf 89' lang='lat' dir='ltr'>non</span> <span class='ocrx_word' id='word_1_414' title='bbox 1601 2741 1707 2767; x_wconf 87' lang='lat' dir='ltr'>mors</span> <span class='ocrx_word' id='word_1_415' title='bbox 1730 2742 1816 2767; x_wconf 90' lang='lat' dir='ltr'>esse</span> <span class='ocrx_word' id='word_1_416' title='bbox 1838 2727 2132 2781; x_wconf 88' lang='lat' dir='ltr'>receptaculum</span> <span class='ocrx_word' id='word_1_417' title='bbox 2153 2726 2221 2767; x_wconf 92' lang='lat' dir='ltr'>sed</span> <span class='ocrx_word' id='word_1_418' title='bbox 2244 2727 2312 2767; x_wconf 91' lang='lat' dir='ltr'>ubi</span> 
     </span>
     <span class='ocr_line' id='line_1_38' title="bbox 334 2799 2312 2854; baseline -0.001 -14"><span class='ocrx_word' id='word_1_419' title='bbox 334 2813 439 2841; x_wconf 90' lang='lat' dir='ltr'>mors</span> <span class='ocrx_word' id='word_1_420' title='bbox 470 2802 522 2841; x_wconf 89' lang='lat' dir='ltr'>sit</span> <span class='ocrx_word' id='word_1_421' title='bbox 550 2801 699 2841; x_wconf 91' lang='lat' dir='ltr'>ibidem</span> <span class='ocrx_word' id='word_1_422' title='bbox 720 2815 807 2841; x_wconf 87' lang='lat' dir='ltr'>esse</span> <span class='ocrx_word' id='word_1_423' title='bbox 836 2801 938 2840; x_wconf 89' lang='lat' dir='ltr'>nihil</span> <span class='ocrx_word' id='word_1_424' title='bbox 958 2801 1155 2841; x_wconf 89' lang='lat' dir='ltr'>sentiendi</span> <span class='ocrx_word' id='word_1_425' title='bbox 1176 2801 1479 2854; x_wconf 87' lang='lat' dir='ltr'>receptaculum.</span> <span class='ocrx_word' id='word_1_426' title='bbox 1524 2799 1648 2839; x_wconf 90' lang='lat' dir='ltr'>Porro</span> <span class='ocrx_word' id='word_1_427' title='bbox 1670 2800 1739 2839; x_wconf 90' lang='lat' dir='ltr'>ubi</span> <span class='ocrx_word' id='word_1_428' title='bbox 1758 2808 1813 2840; x_wconf 76' lang='lat' dir='ltr'>est</span> <span class='ocrx_word' id='word_1_429' title='bbox 1831 2814 1948 2853; x_wconf 89' lang='lat' dir='ltr'>quam</span> <span class='ocrx_word' id='word_1_430' title='bbox 1970 2800 2048 2839; x_wconf 90' lang='lat' dir='ltr'>levi</span> <span class='ocrx_word' id='word_1_431' title='bbox 2069 2813 2199 2839; x_wconf 91' lang='lat' dir='ltr'>errore</span> <span class='ocrx_word' id='word_1_432' title='bbox 2220 2806 2312 2839; x_wconf 89' lang='lat' dir='ltr'>ante</span> 
     </span>
     <span class='ocr_line' id='line_1_39' title="bbox 332 2871 2312 2926; baseline -0.001 -13"><span class='ocrx_word' id='word_1_433' title='bbox 332 2873 476 2913; x_wconf 88' lang='lat' dir='ltr'>ibidem</span> <span class='ocrx_word' id='word_1_434' title='bbox 502 2874 713 2913; x_wconf 87' lang='lat' dir='ltr'>scribentis</span> <span class='ocrx_word' id='word_1_435' title='bbox 739 2873 894 2913; x_wconf 86' lang='lat' dir='ltr'>incuria</span> <span class='ocrx_word' id='word_1_436' title='bbox 918 2873 1140 2925; x_wconf 83' lang='lat' dir='ltr'>neglexerit</span> <span class='ocrx_word' id='word_1_437' title='bbox 1168 2874 1211 2913; x_wconf 90' lang='lat' dir='ltr'>in</span> <span class='ocrx_word' id='word_1_438' title='bbox 1231 2879 1366 2926; x_wconf 90' lang='lat' dir='ltr'>aperto</span> <span class='ocrx_word' id='word_1_439' title='bbox 1388 2879 1459 2923; x_wconf 90' lang='lat' dir='ltr'>est,</span> <span class='ocrx_word' id='word_1_440' title='bbox 1493 2878 1532 2912; x_wconf 91' lang='lat' dir='ltr'>et</span> <span class='ocrx_word' id='word_1_441' title='bbox 1553 2873 1741 2925; x_wconf 88' lang='lat' dir='ltr'>quoniam</span> <span class='ocrx_word' id='word_1_442' title='bbox 1763 2887 1863 2926; x_wconf 88' lang='lat' dir='ltr'>quae</span> <span class='ocrx_word' id='word_1_443' title='bbox 1885 2873 1988 2912; x_wconf 87' lang='lat' dir='ltr'>facta</span> <span class='ocrx_word' id='word_1_444' title='bbox 2009 2879 2101 2912; x_wconf 90' lang='lat' dir='ltr'>sunt</span> <span class='ocrx_word' id='word_1_445' title='bbox 2122 2871 2312 2912; x_wconf 89' lang='lat' dir='ltr'>credibile</span> 
     </span>
     <span class='ocr_line' id='line_1_40' title="bbox 333 2943 2310 2998; baseline -0.001 -13"><span class='ocrx_word' id='word_1_446' title='bbox 333 2947 379 2986; x_wconf 91' lang='lat' dir='ltr'>fit</span> <span class='ocrx_word' id='word_1_447' title='bbox 406 2946 492 2985; x_wconf 87' lang='lat' dir='ltr'>fieri</span> <span class='ocrx_word' id='word_1_448' title='bbox 521 2959 650 2998; x_wconf 89' lang='lat' dir='ltr'>posse,</span> <span class='ocrx_word' id='word_1_449' title='bbox 682 2946 882 2985; x_wconf 81' lang='lat' dir='ltr'>afferimus</span> <span class='ocrx_word' id='word_1_450' title='bbox 918 2960 987 2998; x_wconf 90' lang='lat' dir='ltr'>pro</span> <span class='ocrx_word' id='word_1_451' title='bbox 1017 2945 1146 2985; x_wconf 90' lang='lat' dir='ltr'>Balbo</span> <span class='ocrx_word' id='word_1_452' title='bbox 1179 2947 1240 2997; x_wconf 91' lang='lat'>14,</span> <span class='ocrx_word' id='word_1_453' title='bbox 1263 2946 1315 2985; x_wconf 83' lang='lat'>32</span> <span class='ocrx_word' id='word_1_454' title='bbox 1347 2946 1453 2998; x_wconf 82' lang='lat' dir='ltr'>quod</span> <span class='ocrx_word' id='word_1_455' title='bbox 1481 2947 1518 2984; x_wconf 70' lang='lat' dir='ltr'>si</span> <span class='ocrx_word' id='word_1_456' title='bbox 1545 2948 1715 2998; x_wconf 72' lang='lat' dir='ltr'>exceptio</span> <span class='ocrx_word' id='word_1_457' title='bbox 1735 2946 1846 2997; x_wconf 90' lang='lat' dir='ltr'>facit</span> <span class='ocrx_word' id='word_1_458' title='bbox 1872 2959 1919 2990; x_wconf 79' lang='lat' dir='ltr'>ne</span> <span class='ocrx_word' id='word_1_459' title='bbox 1949 2945 2076 2994; x_wconf 88' lang='lat' dir='ltr'>liceat,</span> <span class='ocrx_word' id='word_1_460' title='bbox 2107 2945 2187 2983; x_wconf 87' lang='lat' dir='ltr'>ubi</span> <span class='ocrx_word' id='word_1_461' title='bbox 2215 2943 2310 2993; x_wconf 89' lang='lat' dir='ltr'>[non</span> 
     </span>
    </p>
   </div>
   <div class='ocr_carea' id='block_1_3' title="bbox 333 3015 2308 3124">
    <p class='ocr_par' dir='ltr' id='par_1_5' title="bbox 333 3015 2308 3124">
     <span class='ocr_line' id='line_1_41' title="bbox 333 3015 2308 3071; baseline -0.001 -14"><span class='ocrx_word' id='word_1_462' title='bbox 333 3019 386 3057; x_wconf 90' lang='lat' dir='ltr'>sit</span> <span class='ocrx_word' id='word_1_463' title='bbox 415 3023 634 3071; x_wconf 86' lang='lat' dir='ltr'>exceptum,</span> <span class='ocrx_word' id='word_1_464' title='bbox 666 3015 753 3070; x_wconf 89' lang='lat' dir='ltr'>ibi]</span> <span class='ocrx_word' id='word_1_465' title='bbox 784 3032 933 3058; x_wconf 69' lang='lat' dir='ltr'>necesse</span> <span class='ocrx_word' id='word_1_466' title='bbox 968 3026 1023 3057; x_wconf 73' lang='lat' dir='ltr'>eet</span> <span class='ocrx_word' id='word_1_467' title='bbox 1052 3018 1166 3057; x_wconf 86' lang='lat' dir='ltr'>licere</span> <span class='ocrx_word' id='word_1_468' title='bbox 1194 3017 1348 3070; x_wconf 90' lang='lat' dir='ltr'>pridem</span> <span class='ocrx_word' id='word_1_469' title='bbox 1377 3017 1564 3058; x_wconf 83' lang='lat' dir='ltr'>restituta</span> <span class='ocrx_word' id='word_1_470' title='bbox 1593 3031 1680 3058; x_wconf 86' lang='lat' dir='ltr'>esse</span> <span class='ocrx_word' id='word_1_471' title='bbox 1702 3032 1802 3070; x_wconf 89' lang='lat' dir='ltr'>quae</span> <span class='ocrx_word' id='word_1_472' title='bbox 1825 3017 1944 3057; x_wconf 90' lang='lat' dir='ltr'>simili</span> <span class='ocrx_word' id='word_1_473' title='bbox 1977 3031 2108 3056; x_wconf 88' lang='lat' dir='ltr'>errore</span> <span class='ocrx_word' id='word_1_474' title='bbox 2140 3022 2308 3068; x_wconf 87' lang='lat' dir='ltr'>praeterÎ‡</span> 
     </span>
     <span class='ocr_line' id='line_1_42' title="bbox 2004 3091 2047 3124; baseline 0 -17"><span class='ocrx_word' id='word_1_475' title='bbox 2004 3091 2047 3124; x_wconf 67' lang='lat'><strong>3â´11(</strong></span> 
     </span>
    </p>
   </div>
  </div>
 </body>
</html>
