2634 3457
1298 87 1349 126 13

336 194 474 234 tollere
494 195 647 235 malunt
663 196 903 236 emblemata
922 203 1168 248 spreverunt.
1203 197 1343 250 Neque
1363 203 1497 238 tamen
1516 198 1724 251 indignum
1746 205 1807 239 est
1834 199 2041 239 inventum
2064 200 2168 253 quod
2185 207 2310 240 atten-

337 265 452 305 datur
481 273 520 306 et
540 268 827 318 consideretur3
860 269 1006 321 quippe
1034 270 1240 309 lenissimo
1268 270 1444 310 remedio
1474 268 1531 321 (et
1561 272 1719 323 saepius
1748 280 1792 311 ut
1820 279 1859 311 et
1888 281 1958 311 aut
1987 274 2201 324 particulas
2223 288 2308 326 per-

335 339 480 378 mutari
509 339 550 378 in
580 339 783 379 codicibus
814 346 908 379 nota
937 354 999 380 res
1030 347 1102 391 est,
1135 341 1183 381 de
1213 356 1290 394 qua
1319 348 1410 395 post
1431 341 1763 395 Wesenbergium
1793 344 1876 395 agit
1895 343 2113 384 Muellerus
2144 345 2229 396 ipse
2259 345 2309 383 ad

336 409 452 450 Tusc.
475 411 566 461 314,
592 407 659 461 12)
679 411 793 452 iusta
819 412 1039 451 sententiae
1059 412 1186 452 forma
1206 419 1384 466 paratur:
1417 427 1496 466 qua
1524 421 1683 466 recepta
1713 421 1762 465 et,
1796 415 1900 467 quod
1932 422 2015 454 tum
2037 430 2135 468 opus
2156 422 2228 466 est,
2260 416 2308 455 ab

334 482 404 521 hoc
424 483 619 534 scriptura
639 496 688 520 ex
707 482 907 521 Lactantii
927 483 1040 522 libris
1061 485 1244 523 restituta
1263 486 1453 524 orationis
1474 486 1738 537 incommoda,
1761 501 1860 538 quae
1881 488 1987 526 docti
2008 489 2213 539 putabant,
2236 502 2308 527 nos

334 554 493 605 quidem
514 553 624 592 nulla
643 553 899 604 habebamus,
922 561 1187 594 removentur.
1229 554 1308 595 Sed
1330 557 1599 596 coniecturam
1621 557 1713 596 dum
1734 558 1953 606 laudamus,
1976 559 2095 598 fidem
2118 560 2307 598 librorum

333 625 509 664 nondum
530 624 794 673 destituimus,
825 639 904 665 non
926 627 1218 678 superstitione,
1242 642 1292 667 ne
1313 642 1391 680 qua
1406 628 1541 668 littera
1566 629 1715 681 scripta
1744 636 1889 681 pereat,
1923 630 1992 670 sed
2023 631 2117 683 quia
2146 644 2307 670 sensum

333 702 513 735 nostrum
536 696 787 736 consulentes
809 697 1047 749 penitusque
1075 699 1321 739 excutientes
1344 713 1432 739 cum
1453 705 1660 752 utramque
1681 701 1895 752 probamus
1916 702 2155 753 ambigimus
2179 708 2307 741 utram

333 768 457 808 altera
483 768 676 821 potiorem
703 768 908 809 ducamus:
941 769 1039 808 illud
1070 784 1150 810 non
1180 771 1417 822 ambigimus
1448 786 1570 825 pravo
1602 786 1648 812 ac
1677 773 1900 825 pernicioso
1930 774 2096 813 consilio
2118 774 2308 813 Aristidis

333 841 765 891 commemorationem,
798 855 876 893 qua
904 842 1006 881 nihil
1035 843 1165 894 aptius
1196 857 1283 882 esse
1313 851 1380 882 aut
1409 845 1537 895 magis
1567 845 1838 884 necessarium
1869 846 2013 897 potuit,
2051 860 2073 884 a
2099 845 2307 886 Ciceronis

332 915 509 953 oratione
538 914 750 953 rescissam
780 915 915 953 nescio
946 915 1057 954 cuius
1087 915 1245 967 ineptae
1275 916 1477 956 sedulitati
1508 917 1684 957 attribui.

529 1068 586 1096 111.
619 1057 872 1096 Praeclarum
893 1071 991 1109 opus
1013 1064 1073 1097 est
1093 1058 1299 1110 Madvigii,
1327 1074 1403 1111 quo
1425 1059 1631 1099 Ciceronis
1653 1061 1701 1099 de
1726 1062 1874 1099 finibus
1901 1062 1951 1099 ad
1975 1061 2094 1099 fidem
2116 1062 2307 1100 librorum

331 1130 381 1168 ab
408 1130 495 1180 ipso
521 1143 730 1168 excussam
757 1135 796 1167 et
820 1130 1026 1168 fundatam
1053 1131 1253 1169 recensuit
1278 1132 1616 1184 amplissimisque
1643 1134 1937 1173 commentariis
1968 1134 2179 1173 enarravit.
2226 1131 2307 1181 Qui

331 1201 523 1252 singulari
545 1215 623 1253 qua
642 1200 817 1254 pollebat
838 1200 1019 1242 doctrina
1038 1201 1195 1243 adiutus
1217 1202 1448 1257 plerumque
1470 1218 1556 1244 eam
1580 1203 1684 1244 viam
1703 1210 1742 1243 et
1762 1204 1957 1244 rationem
1984 1211 2142 1245 secutus
2163 1210 2235 1256 est,
2263 1211 2307 1245 ut

330 1288 409 1315 non
430 1273 555 1313 multa
575 1273 666 1324 sint,
693 1274 734 1312 in
756 1274 898 1326 quibus
920 1275 970 1313 ab
992 1274 1248 1314 eruditissimi
1271 1276 1346 1314 viri
1367 1276 1514 1315 iudicio
1536 1276 1821 1315 discedendum
1842 1276 2034 1316 videatur.
2065 1277 2214 1316 Eorum
2235 1291 2306 1316 nos

329 1347 406 1385 tria
425 1345 638 1396 afferimus,
661 1359 739 1384 non
762 1359 916 1397 magna,
945 1359 1111 1398 quorum
1133 1362 1254 1386 unum
1276 1362 1395 1399 supra
1421 1362 1451 1386 c.
1469 1361 1500 1387 11
1520 1362 1609 1387 cum
1630 1348 1678 1387 de
1705 1348 1846 1387 officiis
1875 1355 2057 1399 ageretur
2082 1351 2305 1401 expositum

330 1426 403 1469 est,
425 1431 531 1457 nunc
551 1417 787 1456 adiicientur
808 1417 897 1457 duo.

525 1488 649 1529 Libro
669 1502 684 1529 1
703 1489 740 1539 6,
766 1490 816 1529 19
836 1489 935 1529 haec
955 1490 1151 1541 leguntur.

659 1561 739 1602 Sed
774 1561 845 1601 hoc
878 1576 1075 1602 commune
1106 1563 1263 1611 vitium5
1300 1563 1393 1602 illae
1428 1563 1599 1616 Epicuri
1625 1565 1818 1616 propriae
1851 1564 2010 1602 ruinae.-
2045 1571 2169 1602 censet
2203 1565 2304 1602 enim

656 1636 789 1674 eadem
823 1635 894 1673 illa
928 1636 1136 1674 individua
1166 1643 1201 1674 et
1233 1636 1361 1675 solida
1395 1649 1563 1689 corpora
1588 1636 1699 1687 ferri
1730 1637 1910 1674 deorsum
1942 1649 2012 1675 suo
2044 1637 2218 1687 pondere
2251 1638 2305 1675 ad

658 1707 811 1756 lineam,
833 1707 934 1746 hunc
948 1707 1165 1747 naturalem
1181 1721 1259 1747 6888
1277 1708 1448 1747 omnium
1465 1720 1673 1759 corporum
1692 1714 1849 1746 motum.
1872 1707 2011 1746 deinde
2030 1706 2173 1747 ibidem
2192 1708 2304 1747 homo

656 1785 807 1828 acutus,
834 1792 921 1818 cum
948 1778 1049 1818 illud
1078 1786 1303 1829 occurreret,
1334 1781 1372 1818 8i
1398 1780 1530 1818 omnia
1558 1780 1718 1818 deorsus
1748 1792 1766 1818 e
1795 1780 1951 1831 reqione
1966 1779 2175 1830 ferrentur
2203 1787 2237 1818 et
2264 1787 2306 1818 ut

657 1851 745 1889 dixi
762 1851 816 1890 ad
840 1851 994 1901 lineam,
1021 1864 1234 1903 numquam
1247 1851 1344 1900 fore
1367 1858 1412 1890 ut
1435 1859 1586 1889 atomus
1611 1851 1734 1890 altera
1761 1851 1923 1889 alteram
1946 1859 2079 1903 posset
2102 1854 2303 1903 attinyere,

655 1925 813 1975 itaque
833 1924 964 1962 attulit
981 1937 1062 1962 rem
1082 1925 1405 1963 commenticiam.-
1426 1924 1620 1963 declinare
1641 1924 1742 1962 dixit
1761 1931 1930 1962 atomum
1945 1924 2199 1976 perpaulum,
2228 1937 2303 1975 quo

654 1995 755 2033 nihil
768 1996 1005 2047 possetfieri
1026 1997 1174 2043 minu83
1195 1998 1251 2034 ita
1271 1995 1375 2046 effici
1392 1996 1676 2048 complexiones
1700 2003 1735 2034 et
1759 1995 2021 2047 copulationes
2045 2003 2080 2034 et
2104 1996 2304 2034 adhaesio-

653 2080 720 2105 nes
750 2074 966 2106 atomorum
989 2068 1092 2106 inter
1115 2081 1164 2117 se,
1196 2082 1242 2106 ex
1263 2081 1338 2119 quo
1359 2067 1573 2118 efficeretur
1591 2067 1758 2106 mundus
1778 2080 1983 2119 omnesque
2000 2074 2133 2119 partes
2153 2067 2302 2106 mundi.

325 2139 505 2191 Apparet
525 2137 620 2191 quid
646 2137 844 2190 legentem
864 2138 1077 2191 impediat:
1108 2138 1208 2178 duae
1228 2139 1333 2178 enim
1354 2144 1486 2191 partes
1507 2138 1697 2177 orationis
1720 2151 1808 2177 cum
1829 2139 1977 2190 optime
1999 2139 2104 2177 coire
2128 2144 2300 2189 possent,

325 2211 464 2250 deinde
487 2211 599 2250 homo
626 2218 772 2262 acutus,
801 2225 887 2249 cum
912 2219 1139 2260 occurreret,
1166 2212 1259 2251 haec
1283 2219 1319 2251 et
1342 2212 1435 2251 haec
1453 2225 1571 2264 posse
1585 2212 1690 2262 fieri,
1723 2212 1854 2250 attulit
1877 2225 1957 2250 rem
1983 2212 2300 2260 commenticiam,

324 2283 498 2323 turbavit
516 2282 701 2322 intimum
718 2296 940 2321 connexum
960 2283 1092 2322 media
1111 2283 1345 2336 interposita
1364 2285 1497 2336 itaque
1517 2283 1726 2336 particula3
1749 2297 1849 2335 quae
1866 2296 1984 2335 quam
2001 2283 2153 2321 nullum
2168 2282 2300 2321 locum

324 2354 490 2395 haberet
519 2354 747 2412 Madvigius
779 2343 980 2407 patefecit:
1020 2368 1147 2407 neque
1181 2356 1287 2394 enim
1317 2362 1525 2394 revocatur
1556 2356 1682 2394 oratio
1710 2355 1823 2406 quasi
1856 2355 1958 2394 ultra
1983 2355 2104 2394 finem
2134 2360 2302 2406 evagata

324 2441 452 2479 neque
473 2427 509 2466 ei
530 2427 585 2465 rei
613 2426 805 2465 inservire
826 2428 957 2478 itaque
978 2440 1055 2465 vox
1075 2426 1145 2466 sed
1171 2429 1293 2479 iyitur
1318 2427 1429 2466 solet.
1479 2426 1612 2475 Quare
1633 2427 1768 2465 multis
1793 2427 1870 2465 ista
1896 2426 2092 2478 particula
2117 2433 2302 2478 suspecta

324 2499 415 2548 fuit3
444 2498 515 2538 sed
541 2512 628 2537 eam
654 2499 864 2550 quominus
891 2498 1089 2549 tollamus,
1122 2498 1306 2551 prohibet
1337 2498 1441 2550 quod
1475 2498 1576 2537 unde
1608 2512 1695 2537 eam
1727 2497 1936 2537 advolasse
1970 2497 2150 2537 dicamus
2184 2511 2302 2549 aegre

325 2571 545 2622 dispicitur.
590 2571 679 2610 Non
711 2570 864 2609 felicius
895 2571 927 2610 si
959 2570 1053 2622 quid
1083 2571 1275 2609 sentimus
1305 2570 1350 2621 ii,
1387 2570 1454 2622 qui
1484 2584 1561 2608 non
1597 2569 1880 2608 removendam
1911 2569 1981 2609 sed
2012 2569 2303 2609 emendandam

325 2656 462 2682 vocem
483 2642 635 2694 opinati
656 2649 723 2681 aut
742 2644 882 2682 iterum
907 2647 975 2682 aut
998 2643 1082 2682 ruit
1099 2651 1215 2695 atque
1234 2642 1353 2682 scribi
1374 2655 1492 2694 posse
1514 2641 1809 2692 coniectarunt;
1836 2655 2003 2695 quorum
2025 2648 2208 2681 neutrum
2230 2654 2303 2681 nec

325 2714 523 2754 sententia
547 2728 621 2754 nec
652 2714 843 2754 orationis
869 2713 997 2754 forma
1020 2713 1123 2754 ferre
1147 2713 1264 2753 nobis
1292 2712 1456 2752 videtur.
1502 2711 1594 2751 Fuit
1621 2712 1741 2752 etiam
1769 2713 1837 2765 qui
1862 2726 1943 2752 non
1969 2713 2205 2766 particulam
2232 2712 2301 2752 sed

324 2792 448 2827 totam
467 2787 585 2827 istam
603 2787 840 2827 sententiam
857 2787 1155 2840 exstirpandam
1175 2787 1353 2837 instaret,
1376 2792 1502 2825 ortam
1518 2786 1707 2826 videlicet
1727 2800 1776 2826 ex
1797 2787 2052 2826 adnotatione
2073 2786 2302 2838 interpretis

322 2859 489 2899 ridentis
509 2859 727 2912 Epicurum
754 2874 825 2899 sua
850 2860 976 2911 ipsius
997 2860 1150 2899 ratione
1171 2859 1377 2898 confutari.
1417 2857 1547 2906 Quem
1569 2860 1767 2899 credimus
1789 2866 1828 2898 et
1848 2860 1976 2911 ipsum
1999 2873 2081 2898 rem
2103 2872 2301 2898 commen-

324 2932 460 2972 ticiam
490 2931 649 2971 afferre:
679 2938 784 2972 certe
805 2931 966 2984 quidem
986 2931 1060 2971 hoc
1081 2946 1205 2984 genus
1227 2945 1343 2971 omne
1364 2930 1665 2971 adnotationum
1685 2931 1964 2983 marginalium
1989 2937 2101 2970 textu
2126 2936 2302 2984 recepta·

323 3019 429 3056 rum,
464 3004 608 3057 quibus
641 3004 831 3044 iudicium
864 3004 1070 3056 probantis
1101 3003 1166 3044 vel
1198 3003 1448 3057 reprobantis
1480 3003 1641 3043 lectoris
1669 3004 1969 3056 exprimeretur,
2004 3003 2108 3056 quod
2142 3003 2302 3043 credula
