<?xml version="1.0" encoding="UTF-8"?>
<!DOCTYPE html PUBLIC "-//W3C//DTD XHTML 1.0 Transitional//EN"
    "http://www.w3.org/TR/xhtml1/DTD/xhtml1-transitional.dtd">
<html xmlns="http://www.w3.org/1999/xhtml" xml:lang="en" lang="en">
 <head>
  <title>
</title>
<meta http-equiv="Content-Type" content="text/html;charset=utf-8" />
  <meta name='ocr-system' content='tesseract 3.04.00' />
  <meta name='ocr-capabilities' content='ocr_page ocr_carea ocr_par ocr_line ocrx_word'/>
</head>
<body>
  <div class='ocr_page' id='page_1' title='image "4769574_0031.png"; bbox 0 0 2634 3457; ppageno 0'>
   <div class='ocr_carea' id='block_1_1' title="bbox 1290 143 1341 181">
    <p class='ocr_par' dir='ltr' id='par_1_1' title="bbox 1290 143 1341 181">
     <span class='ocr_line' id='line_1_1' title="bbox 1290 143 1341 181; baseline 0 0"><span class='ocrx_word' id='word_1_1' title='bbox 1290 143 1341 181; x_wconf 87' lang='lat'><strong>14</strong></span> 
     </span>
    </p>
   </div>
   <div class='ocr_carea' id='block_1_2' title="bbox 324 249 2320 3099">
    <p class='ocr_par' dir='ltr' id='par_1_2' title="bbox 324 249 2318 2025">
     <span class='ocr_line' id='line_1_2' title="bbox 333 249 2313 304; baseline -0.002 -13"><span class='ocrx_word' id='word_1_2' title='bbox 333 253 476 292; x_wconf 84' lang='lat' dir='ltr'><strong>levitas</strong></span> <span class='ocrx_word' id='word_1_3' title='bbox 508 253 737 292; x_wconf 77' lang='lat' dir='ltr'><strong>criticorum</strong></span> <span class='ocrx_word' id='word_1_4' title='bbox 770 253 1015 304; x_wconf 84' lang='lat' dir='ltr'><strong>excogitavit</strong></span> <span class='ocrx_word' id='word_1_5' title='bbox 1046 259 1088 291; x_wconf 91' lang='lat' dir='ltr'><strong>ut</strong></span> <span class='ocrx_word' id='word_1_6' title='bbox 1119 265 1161 291; x_wconf 90' lang='lat' dir='ltr'><strong>se</strong></span> <span class='ocrx_word' id='word_1_7' title='bbox 1193 251 1348 303; x_wconf 81' lang='lat' dir='ltr'><strong>laqueis</strong></span> <span class='ocrx_word' id='word_1_8' title='bbox 1381 250 1660 290; x_wconf 88' lang='lat' dir='ltr'><strong>difficultatum</strong></span> <span class='ocrx_word' id='word_1_9' title='bbox 1696 249 1941 302; x_wconf 80' lang='lat' dir='ltr'><strong>expedirent,</strong></span> <span class='ocrx_word' id='word_1_10' title='bbox 1974 250 2084 288; x_wconf 91' lang='lat' dir='ltr'><strong>nullo</strong></span> <span class='ocrx_word' id='word_1_11' title='bbox 2115 249 2313 302; x_wconf 83' lang='lat' dir='ltr'><strong>probabili</strong></span> 
     </span>
     <span class='ocr_line' id='line_1_3' title="bbox 333 321 2312 378; baseline -0.002 -14"><span class='ocrx_word' id='word_1_12' title='bbox 333 325 515 377; x_wconf 86' lang='lat' dir='ltr'><strong>exemplo</strong></span> <span class='ocrx_word' id='word_1_13' title='bbox 537 326 765 365; x_wconf 87' lang='lat' dir='ltr'><strong>confirmari</strong></span> <span class='ocrx_word' id='word_1_14' title='bbox 787 332 826 365; x_wconf 89' lang='lat' dir='ltr'><strong>et</strong></span> <span class='ocrx_word' id='word_1_15' title='bbox 845 326 938 365; x_wconf 90' lang='lat' dir='ltr'><strong>olim</strong></span> <span class='ocrx_word' id='word_1_16' title='bbox 961 325 1163 378; x_wconf 88' lang='lat' dir='ltr'><strong>posuimus</strong></span> <span class='ocrx_word' id='word_1_17' title='bbox 1184 338 1312 376; x_wconf 91' lang='lat' dir='ltr'><strong>neque</strong></span> <span class='ocrx_word' id='word_1_18' title='bbox 1333 337 1438 363; x_wconf 88' lang='lat' dir='ltr'><strong>nunc</strong></span> <span class='ocrx_word' id='word_1_19' title='bbox 1460 322 1654 376; x_wconf 90' lang='lat' dir='ltr'><strong>quidquid</strong></span> <span class='ocrx_word' id='word_1_20' title='bbox 1677 322 1851 362; x_wconf 78' lang='lat' dir='ltr'><strong>oblocuti</strong></span> <span class='ocrx_word' id='word_1_21' title='bbox 1867 326 1962 361; x_wconf 87' lang='lat' dir='ltr'><strong>sunt</strong></span> <span class='ocrx_word' id='word_1_22' title='bbox 1977 321 2092 360; x_wconf 85' lang='lat' dir='ltr'><strong>aliter</strong></span> <span class='ocrx_word' id='word_1_23' title='bbox 2107 321 2312 361; x_wconf 87' lang='lat' dir='ltr'><strong>sentimus.</strong></span> 
     </span>
     <span class='ocr_line' id='line_1_4' title="bbox 333 393 2311 449; baseline -0.002 -14"><span class='ocrx_word' id='word_1_24' title='bbox 333 396 590 437; x_wconf 90' lang='lat' dir='ltr'><strong>Probabilius</strong></span> <span class='ocrx_word' id='word_1_25' title='bbox 611 397 840 449; x_wconf 86' lang='lat' dir='ltr'><strong>Madvigius</strong></span> <span class='ocrx_word' id='word_1_26' title='bbox 871 397 1040 437; x_wconf 89' lang='lat' dir='ltr'><strong>coniecit</strong></span> <span class='ocrx_word' id='word_1_27' title='bbox 1069 396 1236 436; x_wconf 83' lang='lat' dir='ltr'><strong>fortasse</strong></span> <span class='ocrx_word' id='word_1_28' title='bbox 1267 396 1429 435; x_wconf 84' lang='lat' dir='ltr'><strong>verbum</strong></span> <span class='ocrx_word' id='word_1_29' title='bbox 1462 395 1630 434; x_wconf 87' lang='lat' dir='ltr'><strong>alterum</strong></span> <span class='ocrx_word' id='word_1_30' title='bbox 1660 408 1791 434; x_wconf 91' lang='lat' dir='ltr'><strong>errore</strong></span> <span class='ocrx_word' id='word_1_31' title='bbox 1815 393 1969 433; x_wconf 87' lang='lat' dir='ltr'><strong>librarii</strong></span> <span class='ocrx_word' id='word_1_32' title='bbox 1995 393 2186 432; x_wconf 90' lang='lat' dir='ltr'><strong>omissum</strong></span> <span class='ocrx_word' id='word_1_33' title='bbox 2213 407 2311 444; x_wconf 88' lang='lat' dir='ltr'><strong>esse,</strong></span> 
     </span>
     <span class='ocr_line' id='line_1_5' title="bbox 335 465 2314 520; baseline -0.003 -13"><span class='ocrx_word' id='word_1_34' title='bbox 335 468 398 508; x_wconf 91' lang='lat' dir='ltr'><strong>cui</strong></span> <span class='ocrx_word' id='word_1_35' title='bbox 419 468 531 509; x_wconf 76' lang='lat' dir='ltr'><strong>homo</strong></span> <span class='ocrx_word' id='word_1_36' title='bbox 558 476 694 509; x_wconf 69' lang='lat' dir='ltr'><strong>acutus</strong></span> <span class='ocrx_word' id='word_1_37' title='bbox 720 469 943 509; x_wconf 88' lang='lat' dir='ltr'><strong>subiectum</strong></span> <span class='ocrx_word' id='word_1_38' title='bbox 970 474 1075 508; x_wconf 89' lang='lat' dir='ltr'><strong>esset</strong></span> <span class='ocrx_word' id='word_1_39' title='bbox 1101 468 1241 520; x_wconf 88' lang='lat' dir='ltr'><strong>cuique</strong></span> <span class='ocrx_word' id='word_1_40' title='bbox 1266 467 1336 506; x_wconf 89' lang='lat' dir='ltr'><strong>illa</strong></span> <span class='ocrx_word' id='word_1_41' title='bbox 1359 472 1465 506; x_wconf 86' lang='lat' dir='ltr'><strong>recte</strong></span> <span class='ocrx_word' id='word_1_42' title='bbox 1485 466 1792 505; x_wconf 89' lang='lat' dir='ltr'><strong>adnecterentur</strong></span> <span class='ocrx_word' id='word_1_43' title='bbox 1812 467 1944 518; x_wconf 83' lang='lat' dir='ltr'><strong>itaque</strong></span> <span class='ocrx_word' id='word_1_44' title='bbox 1964 465 2094 504; x_wconf 81' lang='lat' dir='ltr'><strong>attulit</strong></span> <span class='ocrx_word' id='word_1_45' title='bbox 2112 479 2193 503; x_wconf 85' lang='lat' dir='ltr'><strong>rem</strong></span> <span class='ocrx_word' id='word_1_46' title='bbox 2215 479 2314 504; x_wconf 87' lang='lat' dir='ltr'><strong>com-</strong></span> 
     </span>
     <span class='ocr_line' id='line_1_6' title="bbox 334 537 2313 593; baseline -0.003 -13"><span class='ocrx_word' id='word_1_47' title='bbox 334 542 569 580; x_wconf 84' lang='lat' dir='ltr'><strong>menticiam.</strong></span> <span class='ocrx_word' id='word_1_48' title='bbox 614 538 694 579; x_wconf 89' lang='lat' dir='ltr'><strong>Sed</strong></span> <span class='ocrx_word' id='word_1_49' title='bbox 715 554 787 580; x_wconf 87' lang='lat' dir='ltr'><strong>nec</strong></span> <span class='ocrx_word' id='word_1_50' title='bbox 808 542 894 593; x_wconf 88' lang='lat' dir='ltr'><strong>ipse</strong></span> <span class='ocrx_word' id='word_1_51' title='bbox 918 541 1113 579; x_wconf 84' lang='lat' dir='ltr'><strong>indicavit</strong></span> <span class='ocrx_word' id='word_1_52' title='bbox 1138 540 1303 579; x_wconf 84' lang='lat' dir='ltr'><strong>verbum</strong></span> <span class='ocrx_word' id='word_1_53' title='bbox 1329 538 1434 591; x_wconf 91' lang='lat' dir='ltr'><strong>quod</strong></span> <span class='ocrx_word' id='word_1_54' title='bbox 1461 538 1594 587; x_wconf 89' lang='lat' dir='ltr'><strong>vellet,</strong></span> <span class='ocrx_word' id='word_1_55' title='bbox 1622 551 1697 577; x_wconf 92' lang='lat' dir='ltr'><strong>nec</strong></span> <span class='ocrx_word' id='word_1_56' title='bbox 1721 538 1839 576; x_wconf 89' lang='lat' dir='ltr'><strong>facile</strong></span> <span class='ocrx_word' id='word_1_57' title='bbox 1865 537 2083 588; x_wconf 84' lang='lat' dir='ltr'><strong>excogitari</strong></span> <span class='ocrx_word' id='word_1_58' title='bbox 2109 543 2251 588; x_wconf 85' lang='lat' dir='ltr'><strong>potest,</strong></span> <span class='ocrx_word' id='word_1_59' title='bbox 2280 537 2313 576; x_wconf 90' lang='lat' dir='ltr'><strong>si</strong></span> 
     </span>
     <span class='ocr_line' id='line_1_7' title="bbox 336 608 2315 665; baseline -0.003 -13"><span class='ocrx_word' id='word_1_60' title='bbox 336 612 498 664; x_wconf 86' lang='lat' dir='ltr'><strong>quidem</strong></span> <span class='ocrx_word' id='word_1_61' title='bbox 518 612 568 652; x_wconf 91' lang='lat' dir='ltr'><strong>ad</strong></span> <span class='ocrx_word' id='word_1_62' title='bbox 589 613 658 652; x_wconf 88' lang='lat' dir='ltr'><strong>illa</strong></span> <span class='ocrx_word' id='word_1_63' title='bbox 677 614 815 652; x_wconf 82' lang='lat' dir='ltr'><strong>deinde</strong></span> <span class='ocrx_word' id='word_1_64' title='bbox 833 613 945 652; x_wconf 76' lang='lat' dir='ltr'><strong>homo</strong></span> <span class='ocrx_word' id='word_1_65' title='bbox 967 620 1101 651; x_wconf 73' lang='lat' dir='ltr'><strong>acutus</strong></span> <span class='ocrx_word' id='word_1_66' title='bbox 1122 612 1216 665; x_wconf 91' lang='lat' dir='ltr'><strong>quid</strong></span> <span class='ocrx_word' id='word_1_67' title='bbox 1239 611 1483 650; x_wconf 90' lang='lat' dir='ltr'><strong>desideretur</strong></span> <span class='ocrx_word' id='word_1_68' title='bbox 1503 624 1591 649; x_wconf 90' lang='lat' dir='ltr'><strong>cum</strong></span> <span class='ocrx_word' id='word_1_69' title='bbox 1608 610 1821 662; x_wconf 91' lang='lat' dir='ltr'><strong>quaeritur,</strong></span> <span class='ocrx_word' id='word_1_70' title='bbox 1844 623 1921 648; x_wconf 93' lang='lat' dir='ltr'><strong>non</strong></span> <span class='ocrx_word' id='word_1_71' title='bbox 1939 615 2069 661; x_wconf 87' lang='lat' dir='ltr'><strong>potest</strong></span> <span class='ocrx_word' id='word_1_72' title='bbox 2085 608 2315 660; x_wconf 88' lang='lat' dir='ltr'><strong>responderi</strong></span> 
     </span>
     <span class='ocr_line' id='line_1_8' title="bbox 335 680 2314 733; baseline -0.003 -10"><span class='ocrx_word' id='word_1_73' title='bbox 335 684 415 723; x_wconf 90' lang='lat' dir='ltr'><strong>nisi</strong></span> <span class='ocrx_word' id='word_1_74' title='bbox 436 685 566 723; x_wconf 82' lang='lat' dir='ltr'><strong>attulit</strong></span> <span class='ocrx_word' id='word_1_75' title='bbox 584 697 665 723; x_wconf 85' lang='lat' dir='ltr'><strong>rem</strong></span> <span class='ocrx_word' id='word_1_76' title='bbox 684 685 1001 723; x_wconf 77' lang='lat' dir='ltr'><strong>commenticiam.</strong></span> <span class='ocrx_word' id='word_1_77' title='bbox 1042 682 1134 722; x_wconf 93' lang='lat' dir='ltr'><strong>Hoc</strong></span> <span class='ocrx_word' id='word_1_78' title='bbox 1154 683 1210 722; x_wconf 88' lang='lat' dir='ltr'><strong>ita</strong></span> <span class='ocrx_word' id='word_1_79' title='bbox 1230 697 1317 722; x_wconf 89' lang='lat' dir='ltr'><strong>esse</strong></span> <span class='ocrx_word' id='word_1_80' title='bbox 1339 683 1575 722; x_wconf 89' lang='lat' dir='ltr'><strong>confirmant</strong></span> <span class='ocrx_word' id='word_1_81' title='bbox 1600 695 1657 732; x_wconf 92' lang='lat' dir='ltr'><strong>ea,</strong></span> <span class='ocrx_word' id='word_1_82' title='bbox 1686 695 1786 733; x_wconf 88' lang='lat' dir='ltr'><strong>quae</strong></span> <span class='ocrx_word' id='word_1_83' title='bbox 1813 694 1939 733; x_wconf 88' lang='lat' dir='ltr'><strong>paene</strong></span> <span class='ocrx_word' id='word_1_84' title='bbox 1966 680 2133 719; x_wconf 92' lang='lat' dir='ltr'><strong>eandem</strong></span> <span class='ocrx_word' id='word_1_85' title='bbox 2159 681 2199 719; x_wconf 89' lang='lat' dir='ltr'><strong>in</strong></span> <span class='ocrx_word' id='word_1_86' title='bbox 2225 694 2314 719; x_wconf 90' lang='lat' dir='ltr'><strong>sen-</strong></span> 
     </span>
     <span class='ocr_line' id='line_1_9' title="bbox 335 754 2318 806; baseline -0.002 -11"><span class='ocrx_word' id='word_1_87' title='bbox 335 757 501 795; x_wconf 85' lang='lat' dir='ltr'><strong>tentiam</strong></span> <span class='ocrx_word' id='word_1_88' title='bbox 522 754 663 795; x_wconf 84' lang='lat' dir='ltr'><strong>Cicero</strong></span> <span class='ocrx_word' id='word_1_89' title='bbox 685 756 825 794; x_wconf 85' lang='lat' dir='ltr'><strong>scribit</strong></span> <span class='ocrx_word' id='word_1_90' title='bbox 845 755 893 793; x_wconf 91' lang='lat' dir='ltr'><strong>de</strong></span> <span class='ocrx_word' id='word_1_91' title='bbox 915 760 1057 793; x_wconf 86' lang='lat' dir='ltr'><strong>natura</strong></span> <span class='ocrx_word' id='word_1_92' title='bbox 1078 754 1240 793; x_wconf 91' lang='lat' dir='ltr'><strong>deorum</strong></span> <span class='ocrx_word' id='word_1_93' title='bbox 1263 767 1277 793; x_wconf 94' lang='lat'>1</span> <span class='ocrx_word' id='word_1_94' title='bbox 1298 755 1362 804; x_wconf 82' lang='lat'><strong>25,</strong></span> <span class='ocrx_word' id='word_1_95' title='bbox 1385 755 1437 794; x_wconf 87' lang='grc'><strong>69</strong></span> <span class='ocrx_word' id='word_1_96' title='bbox 1457 754 1561 793; x_wconf 84' lang='lat' dir='ltr'><strong>velut</strong></span> <span class='ocrx_word' id='word_1_97' title='bbox 1580 754 1778 806; x_wconf 69' lang='lat' dir='ltr'><strong>Epicurus</strong></span> <span class='ocrx_word' id='word_1_98' title='bbox 1805 767 1901 791; x_wconf 83' lang='lat' dir='ltr'><strong>cum</strong></span> <span class='ocrx_word' id='word_1_99' title='bbox 1921 754 2115 803; x_wconf 86' lang='lat' dir='ltr'><strong>videret,</strong></span> <span class='ocrx_word' id='word_1_100' title='bbox 2143 754 2180 792; x_wconf 71' lang='grc' dir='ltr'><strong>εἰ</strong></span> <span class='ocrx_word' id='word_1_101' title='bbox 2196 754 2318 792; x_wconf 85' lang='lat' dir='ltr'><strong>atomi</strong></span> 
     </span>
     <span class='ocr_line' id='line_1_10' title="bbox 324 826 2317 879; baseline -0.002 -13"><span class='ocrx_word' id='word_1_102' title='bbox 324 827 531 878; x_wconf 79' lang='lat' dir='ltr'><strong>ferrentur</strong></span> <span class='ocrx_word' id='word_1_103' title='bbox 555 828 597 866; x_wconf 91' lang='lat' dir='ltr'><strong>in</strong></span> <span class='ocrx_word' id='word_1_104' title='bbox 624 827 750 866; x_wconf 84' lang='lat' dir='ltr'><strong>locum</strong></span> <span class='ocrx_word' id='word_1_105' title='bbox 774 826 1003 878; x_wconf 81' lang='lat' dir='ltr'><strong>inferiorem</strong></span> <span class='ocrx_word' id='word_1_106' title='bbox 1027 834 1163 879; x_wconf 67' lang='lat' dir='ltr'><strong>suopte</strong></span> <span class='ocrx_word' id='word_1_107' title='bbox 1189 827 1376 879; x_wconf 84' lang='lat' dir='ltr'><strong>pondere,</strong></span> <span class='ocrx_word' id='word_1_108' title='bbox 1404 826 1506 865; x_wconf 77' lang='lat' dir='ltr'><strong>nihil</strong></span> <span class='ocrx_word' id='word_1_109' title='bbox 1517 826 1615 877; x_wconf 82' lang='lat' dir='ltr'><strong>sore</strong></span> <span class='ocrx_word' id='word_1_110' title='bbox 1639 827 1681 864; x_wconf 87' lang='lat' dir='ltr'><strong>in</strong></span> <span class='ocrx_word' id='word_1_111' title='bbox 1705 832 1840 864; x_wconf 66' lang='lat' dir='ltr'><strong>nostra</strong></span> <span class='ocrx_word' id='word_1_112' title='bbox 1865 832 2062 877; x_wconf 71' lang='lat' dir='ltr'><strong>potestate,</strong></span> <span class='ocrx_word' id='word_1_113' title='bbox 2091 826 2198 877; x_wconf 83' lang='lat' dir='ltr'><strong>quod</strong></span> <span class='ocrx_word' id='word_1_114' title='bbox 2222 832 2317 864; x_wconf 65' lang='lat' dir='ltr'><strong>eeeet</strong></span> 
     </span>
     <span class='ocr_line' id='line_1_11' title="bbox 335 897 2316 949; baseline -0.001 -13"><span class='ocrx_word' id='word_1_115' title='bbox 335 912 469 936; x_wconf 82' lang='lat' dir='ltr'><strong>earum</strong></span> <span class='ocrx_word' id='word_1_116' title='bbox 487 905 614 937; x_wconf 69' lang='lat' dir='ltr'><strong>motus</strong></span> <span class='ocrx_word' id='word_1_117' title='bbox 635 905 758 937; x_wconf 71' lang='lat' dir='ltr'><strong>certus</strong></span> <span class='ocrx_word' id='word_1_118' title='bbox 779 905 814 937; x_wconf 85' lang='lat' dir='ltr'><strong>et</strong></span> <span class='ocrx_word' id='word_1_119' title='bbox 831 900 1083 946; x_wconf 68' lang='lat' dir='ltr'><strong>necessarius,</strong></span> <span class='ocrx_word' id='word_1_120' title='bbox 1104 899 1299 948; x_wconf 88' lang='lat' dir='ltr'><strong>invenit,</strong></span> <span class='ocrx_word' id='word_1_121' title='bbox 1323 911 1398 949; x_wconf 81' lang='lat' dir='ltr'><strong>quo</strong></span> <span class='ocrx_word' id='word_1_122' title='bbox 1420 898 1533 936; x_wconf 85' lang='lat' dir='ltr'><strong>modo</strong></span> <span class='ocrx_word' id='word_1_123' title='bbox 1554 899 1816 936; x_wconf 68' lang='lat' dir='ltr'><strong>necessitatem</strong></span> <span class='ocrx_word' id='word_1_124' title='bbox 1841 897 2038 949; x_wconf 77' lang='lat' dir='ltr'><strong>effuqeret:</strong></span> <span class='ocrx_word' id='word_1_125' title='bbox 2059 898 2128 935; x_wconf 87' lang='lat' dir='ltr'><strong>ait</strong></span> <span class='ocrx_word' id='word_1_126' title='bbox 2146 904 2316 935; x_wconf 82' lang='lat' dir='ltr'><strong>atomum</strong></span> 
     </span>
     <span class='ocr_line' id='line_1_12' title="bbox 334 969 2317 1022; baseline -0.001 -15"><span class='ocrx_word' id='word_1_127' title='bbox 334 983 420 1008; x_wconf 81' lang='lat' dir='ltr'><strong>cum</strong></span> <span class='ocrx_word' id='word_1_128' title='bbox 447 971 620 1021; x_wconf 86' lang='lat' dir='ltr'><strong>pondere</strong></span> <span class='ocrx_word' id='word_1_129' title='bbox 639 977 674 1008; x_wconf 83' lang='lat' dir='ltr'><strong>et</strong></span> <span class='ocrx_word' id='word_1_130' title='bbox 695 972 890 1022; x_wconf 72' lang='lat' dir='ltr'><strong>yravitate</strong></span> <span class='ocrx_word' id='word_1_131' title='bbox 916 972 1074 1009; x_wconf 69' lang='lat' dir='ltr'><strong>deorsus</strong></span> <span class='ocrx_word' id='word_1_132' title='bbox 1089 970 1266 1020; x_wconf 84' lang='lat' dir='ltr'><strong>feratur,</strong></span> <span class='ocrx_word' id='word_1_133' title='bbox 1301 970 1498 1008; x_wconf 79' lang='lat' dir='ltr'><strong>declinare</strong></span> <span class='ocrx_word' id='word_1_134' title='bbox 1526 970 1754 1021; x_wconf 81' lang='lat' dir='ltr'><strong>paululum,·</strong></span> <span class='ocrx_word' id='word_1_135' title='bbox 1786 982 1887 1020; x_wconf 89' lang='lat' dir='ltr'><strong>quae</strong></span> <span class='ocrx_word' id='word_1_136' title='bbox 1919 976 1979 1007; x_wconf 90' lang='lat' dir='ltr'><strong>est</strong></span> <span class='ocrx_word' id='word_1_137' title='bbox 2011 969 2136 1007; x_wconf 87' lang='lat' dir='ltr'><strong>oratio</strong></span> <span class='ocrx_word' id='word_1_138' title='bbox 2168 969 2317 1019; x_wconf 90' lang='lat' dir='ltr'><strong>pariter</strong></span> 
     </span>
     <span class='ocr_line' id='line_1_13' title="bbox 334 1039 2314 1093; baseline -0.001 -14"><span class='ocrx_word' id='word_1_139' title='bbox 334 1041 503 1079; x_wconf 86' lang='lat' dir='ltr'><strong>formata</strong></span> <span class='ocrx_word' id='word_1_140' title='bbox 534 1041 774 1092; x_wconf 89' lang='lat' dir='ltr'><strong>easdemque</strong></span> <span class='ocrx_word' id='word_1_141' title='bbox 806 1042 923 1092; x_wconf 89' lang='lat' dir='ltr'><strong>plane</strong></span> <span class='ocrx_word' id='word_1_142' title='bbox 955 1056 1025 1092; x_wconf 92' lang='lat' dir='ltr'><strong>per</strong></span> <span class='ocrx_word' id='word_1_143' title='bbox 1056 1048 1187 1093; x_wconf 89' lang='lat' dir='ltr'><strong>partes</strong></span> <span class='ocrx_word' id='word_1_144' title='bbox 1222 1041 1445 1091; x_wconf 90' lang='lat' dir='ltr'><strong>distributa,</strong></span> <span class='ocrx_word' id='word_1_145' title='bbox 1481 1040 1584 1079; x_wconf 92' lang='lat' dir='ltr'><strong>unde</strong></span> <span class='ocrx_word' id='word_1_146' title='bbox 1615 1039 1785 1091; x_wconf 83' lang='lat' dir='ltr'><strong>intelligi</strong></span> <span class='ocrx_word' id='word_1_147' title='bbox 1813 1046 1955 1092; x_wconf 83' lang='lat' dir='ltr'><strong>potest,</strong></span> <span class='ocrx_word' id='word_1_148' title='bbox 1982 1039 2051 1079; x_wconf 92' lang='lat' dir='ltr'><strong>illo</strong></span> <span class='ocrx_word' id='word_1_149' title='bbox 2078 1039 2202 1078; x_wconf 89' lang='lat' dir='ltr'><strong>altero</strong></span> <span class='ocrx_word' id='word_1_150' title='bbox 2228 1039 2314 1078; x_wconf 90' lang='lat' dir='ltr'><strong>loco</strong></span> 
     </span>
     <span class='ocr_line' id='line_1_14' title="bbox 333 1110 2312 1163; baseline -0.001 -13"><span class='ocrx_word' id='word_1_151' title='bbox 333 1111 435 1150; x_wconf 90' lang='lat' dir='ltr'><strong>nihil</strong></span> <span class='ocrx_word' id='word_1_152' title='bbox 459 1112 606 1163; x_wconf 91' lang='lat' dir='ltr'><strong>requiri</strong></span> <span class='ocrx_word' id='word_1_153' title='bbox 629 1113 812 1163; x_wconf 86' lang='lat' dir='ltr'><strong>amplius,</strong></span> <span class='ocrx_word' id='word_1_154' title='bbox 841 1112 910 1151; x_wconf 88' lang='lat' dir='ltr'><strong>sed</strong></span> <span class='ocrx_word' id='word_1_155' title='bbox 932 1112 1153 1151; x_wconf 86' lang='lat' dir='ltr'><strong>sententiae</strong></span> <span class='ocrx_word' id='word_1_156' title='bbox 1179 1112 1546 1151; x_wconf 84' lang='lat' dir='ltr'><strong>comformationem</strong></span> <span class='ocrx_word' id='word_1_157' title='bbox 1570 1117 1676 1151; x_wconf 91' lang='lat' dir='ltr'><strong>recte</strong></span> <span class='ocrx_word' id='word_1_158' title='bbox 1702 1125 1772 1163; x_wconf 86' lang='lat' dir='ltr'><strong>per</strong></span> <span class='ocrx_word' id='word_1_159' title='bbox 1797 1110 1934 1150; x_wconf 84' lang='lat' dir='ltr'><strong>eadem</strong></span> <span class='ocrx_word' id='word_1_160' title='bbox 1963 1111 2140 1150; x_wconf 91' lang='lat' dir='ltr'><strong>membra</strong></span> <span class='ocrx_word' id='word_1_161' title='bbox 2166 1110 2312 1150; x_wconf 86' lang='lat' dir='ltr'><strong>evolvi:</strong></span> 
     </span>
     <span class='ocr_line' id='line_1_15' title="bbox 334 1182 2317 1235; baseline -0.002 -12"><span class='ocrx_word' id='word_1_162' title='bbox 334 1184 474 1223; x_wconf 80' lang='lat' dir='ltr'><strong>deinde</strong></span> <span class='ocrx_word' id='word_1_163' title='bbox 492 1183 605 1223; x_wconf 76' lang='lat' dir='ltr'><strong>homo</strong></span> <span class='ocrx_word' id='word_1_164' title='bbox 626 1191 776 1234; x_wconf 70' lang='lat' dir='ltr'><strong>acutae,</strong></span> <span class='ocrx_word' id='word_1_165' title='bbox 797 1198 894 1223; x_wconf 85' lang='lat' dir='ltr'><strong>cum</strong></span> <span class='ocrx_word' id='word_1_166' title='bbox 922 1191 1203 1235; x_wconf 80' lang='lat' dir='ltr'><strong>occurreret,</strong></span> <span class='ocrx_word' id='word_1_167' title='bbox 1230 1184 1327 1223; x_wconf 87' lang='lat' dir='ltr'><strong>talia</strong></span> <span class='ocrx_word' id='word_1_168' title='bbox 1340 1184 1447 1234; x_wconf 89' lang='lat' dir='ltr'><strong>fieri,</strong></span> <span class='ocrx_word' id='word_1_169' title='bbox 1475 1183 1637 1223; x_wconf 83' lang='lat' dir='ltr'><strong>attulit</strong></span> <span class='ocrx_word' id='word_1_170' title='bbox 1660 1196 1753 1222; x_wconf 82' lang='lat' dir='ltr'><strong>rem</strong></span> <span class='ocrx_word' id='word_1_171' title='bbox 1779 1183 2166 1222; x_wconf 79' lang='lat' dir='ltr'><strong>commenticiam:</strong></span> <span class='ocrx_word' id='word_1_172' title='bbox 2193 1182 2317 1221; x_wconf 71' lang='lat' dir='ltr'><strong>dixit</strong></span> 
     </span>
     <span class='ocr_line' id='line_1_16' title="bbox 334 1254 2315 1308; baseline -0.001 -14"><span class='ocrx_word' id='word_1_173' title='bbox 334 1255 530 1294; x_wconf 85' lang='lat' dir='ltr'><strong>declinare</strong></span> <span class='ocrx_word' id='word_1_174' title='bbox 549 1263 730 1295; x_wconf 85' lang='lat' dir='ltr'><strong>atomum.</strong></span> <span class='ocrx_word' id='word_1_175' title='bbox 768 1254 859 1305; x_wconf 81' lang='lat' dir='ltr'><strong>Qua</strong></span> <span class='ocrx_word' id='word_1_176' title='bbox 880 1256 1175 1308; x_wconf 89' lang='lat' dir='ltr'><strong>comparatione</strong></span> <span class='ocrx_word' id='word_1_177' title='bbox 1202 1257 1342 1295; x_wconf 91' lang='lat' dir='ltr'><strong>confisi</strong></span> <span class='ocrx_word' id='word_1_178' title='bbox 1369 1256 1597 1295; x_wconf 86' lang='lat' dir='ltr'><strong>dubitamus</strong></span> <span class='ocrx_word' id='word_1_179' title='bbox 1623 1256 1743 1294; x_wconf 84' lang='lat' dir='ltr'><strong>etiam</strong></span> <span class='ocrx_word' id='word_1_180' title='bbox 1766 1254 1936 1294; x_wconf 88' lang='lat' dir='ltr'><strong>Useneri</strong></span> <span class='ocrx_word' id='word_1_181' title='bbox 1963 1255 2184 1294; x_wconf 87' lang='lat' dir='ltr'><strong>sententiae</strong></span> <span class='ocrx_word' id='word_1_182' title='bbox 2206 1268 2315 1293; x_wconf 89' lang='lat' dir='ltr'><strong>acce·</strong></span> 
     </span>
     <span class='ocr_line' id='line_1_17' title="bbox 336 1326 2314 1381; baseline 0 -15"><span class='ocrx_word' id='word_1_183' title='bbox 336 1328 444 1378; x_wconf 89' lang='lat' dir='ltr'><strong>dere,</strong></span> <span class='ocrx_word' id='word_1_184' title='bbox 479 1329 547 1379; x_wconf 89' lang='lat' dir='ltr'><strong>qui</strong></span> <span class='ocrx_word' id='word_1_185' title='bbox 568 1329 608 1366; x_wconf 90' lang='lat' dir='ltr'><strong>in</strong></span> <span class='ocrx_word' id='word_1_186' title='bbox 635 1329 887 1368; x_wconf 87' lang='lat' dir='ltr'><strong>nobilissimo</strong></span> <span class='ocrx_word' id='word_1_187' title='bbox 913 1329 1201 1381; x_wconf 85' lang='lat' dir='ltr'><strong>Epicureorum</strong></span> <span class='ocrx_word' id='word_1_188' title='bbox 1225 1329 1341 1380; x_wconf 89' lang='lat' dir='ltr'><strong>libro,</strong></span> <span class='ocrx_word' id='word_1_189' title='bbox 1373 1343 1460 1368; x_wconf 90' lang='lat' dir='ltr'><strong>cum</strong></span> <span class='ocrx_word' id='word_1_190' title='bbox 1485 1328 1581 1368; x_wconf 87' lang='lat' dir='ltr'><strong>haec</strong></span> <span class='ocrx_word' id='word_1_191' title='bbox 1606 1328 1710 1367; x_wconf 90' lang='lat' dir='ltr'><strong>inter</strong></span> <span class='ocrx_word' id='word_1_192' title='bbox 1734 1327 1959 1378; x_wconf 89' lang='lat' dir='ltr'><strong>fragmenta</strong></span> <span class='ocrx_word' id='word_1_193' title='bbox 1978 1326 2136 1366; x_wconf 87' lang='lat' dir='ltr'><strong>afferret</strong></span> <span class='ocrx_word' id='word_1_194' title='bbox 2161 1341 2198 1379; x_wconf 89' lang='lat' dir='ltr'><strong>p.</strong></span> <span class='ocrx_word' id='word_1_195' title='bbox 2224 1327 2314 1376; x_wconf 88' lang='lat'><strong>199,</strong></span> 
     </span>
     <span class='ocr_line' id='line_1_18' title="bbox 334 1398 2315 1452; baseline -0.001 -13"><span class='ocrx_word' id='word_1_196' title='bbox 334 1402 467 1452; x_wconf 84' lang='lat' dir='ltr'><strong>itaque</strong></span> <span class='ocrx_word' id='word_1_197' title='bbox 501 1400 697 1452; x_wconf 87' lang='lat' dir='ltr'><strong>particula</strong></span> <span class='ocrx_word' id='word_1_198' title='bbox 726 1399 775 1439; x_wconf 90' lang='lat' dir='ltr'><strong>ad</strong></span> <span class='ocrx_word' id='word_1_199' title='bbox 805 1400 1008 1452; x_wconf 86' lang='lat' dir='ltr'><strong>superiora</strong></span> <span class='ocrx_word' id='word_1_200' title='bbox 1038 1400 1163 1440; x_wconf 86' lang='lat' dir='ltr'><strong>relata</strong></span> <span class='ocrx_word' id='word_1_201' title='bbox 1194 1406 1284 1452; x_wconf 88' lang='lat' dir='ltr'><strong>post</strong></span> <span class='ocrx_word' id='word_1_202' title='bbox 1315 1413 1402 1439; x_wconf 88' lang='lat' dir='ltr'><strong>eam</strong></span> <span class='ocrx_word' id='word_1_203' title='bbox 1437 1399 1633 1439; x_wconf 81' lang='lat' dir='ltr'><strong>defectum</strong></span> <span class='ocrx_word' id='word_1_204' title='bbox 1666 1399 1858 1439; x_wconf 89' lang='lat' dir='ltr'><strong>orationis</strong></span> <span class='ocrx_word' id='word_1_205' title='bbox 1884 1399 2056 1447; x_wconf 80' lang='lat' dir='ltr'><strong>notavit,</strong></span> <span class='ocrx_word' id='word_1_206' title='bbox 2093 1398 2188 1451; x_wconf 89' lang='lat' dir='ltr'><strong>quid</strong></span> <span class='ocrx_word' id='word_1_207' title='bbox 2223 1398 2315 1437; x_wconf 90' lang='lat' dir='ltr'><strong>addi</strong></span> 
     </span>
     <span class='ocr_line' id='line_1_19' title="bbox 336 1469 2317 1528; baseline -0.001 -18"><span class='ocrx_word' id='word_1_208' title='bbox 336 1478 498 1523; x_wconf 83' lang='lat' dir='ltr'><strong>cuperet</strong></span> <span class='ocrx_word' id='word_1_209' title='bbox 527 1485 607 1510; x_wconf 91' lang='lat' dir='ltr'><strong>non</strong></span> <span class='ocrx_word' id='word_1_210' title='bbox 637 1470 842 1510; x_wconf 88' lang='lat' dir='ltr'><strong>indicavit.</strong></span> <span class='ocrx_word' id='word_1_211' title='bbox 892 1471 974 1511; x_wconf 90' lang='lat' dir='ltr'><strong>Nos</strong></span> <span class='ocrx_word' id='word_1_212' title='bbox 1006 1485 1083 1523; x_wconf 93' lang='lat' dir='ltr'><strong>quo</strong></span> <span class='ocrx_word' id='word_1_213' title='bbox 1114 1472 1241 1523; x_wconf 89' lang='lat' dir='ltr'><strong>magis</strong></span> <span class='ocrx_word' id='word_1_214' title='bbox 1277 1471 1535 1522; x_wconf 84' lang='lat' dir='ltr'><strong>intelligimus</strong></span> <span class='ocrx_word' id='word_1_215' title='bbox 1566 1472 1608 1510; x_wconf 92' lang='lat' dir='ltr'><strong>in</strong></span> <span class='ocrx_word' id='word_1_216' title='bbox 1638 1471 1708 1510; x_wconf 93' lang='lat' dir='ltr'><strong>illa</strong></span> <span class='ocrx_word' id='word_1_217' title='bbox 1737 1471 1935 1510; x_wconf 89' lang='lat' dir='ltr'><strong>sententia</strong></span> <span class='ocrx_word' id='word_1_218' title='bbox 1963 1469 2065 1508; x_wconf 90' lang='lat' dir='ltr'><strong>nihil</strong></span> <span class='ocrx_word' id='word_1_219' title='bbox 2099 1470 2317 1528; x_wconf 87' lang='lat' dir='ltr'><strong>desiderari</strong></span> 
     </span>
     <span class='ocr_line' id='line_1_20' title="bbox 336 1541 2316 1595; baseline 0 -14"><span class='ocrx_word' id='word_1_220' title='bbox 336 1543 566 1594; x_wconf 83' lang='lat' dir='ltr'><strong>nullamque</strong></span> <span class='ocrx_word' id='word_1_221' title='bbox 602 1556 740 1582; x_wconf 88' lang='lat' dir='ltr'><strong>vocem</strong></span> <span class='ocrx_word' id='word_1_222' title='bbox 775 1557 896 1595; x_wconf 86' lang='lat' dir='ltr'><strong>prave</strong></span> <span class='ocrx_word' id='word_1_223' title='bbox 932 1544 1121 1595; x_wconf 87' lang='lat' dir='ltr'><strong>scriptam</strong></span> <span class='ocrx_word' id='word_1_224' title='bbox 1156 1557 1261 1590; x_wconf 87' lang='lat' dir='ltr'><strong>esse,</strong></span> <span class='ocrx_word' id='word_1_225' title='bbox 1299 1558 1417 1582; x_wconf 87' lang='lat' dir='ltr'><strong>unam</strong></span> <span class='ocrx_word' id='word_1_226' title='bbox 1450 1545 1583 1595; x_wconf 82' lang='lat' dir='ltr'><strong>itaque</strong></span> <span class='ocrx_word' id='word_1_227' title='bbox 1617 1543 1853 1594; x_wconf 83' lang='lat' dir='ltr'><strong>particulam</strong></span> <span class='ocrx_word' id='word_1_228' title='bbox 1889 1541 2048 1581; x_wconf 88' lang='lat' dir='ltr'><strong>officere</strong></span> <span class='ocrx_word' id='word_1_229' title='bbox 2085 1548 2124 1581; x_wconf 87' lang='lat' dir='ltr'><strong>et</strong></span> <span class='ocrx_word' id='word_1_230' title='bbox 2158 1542 2316 1581; x_wconf 86' lang='lat' dir='ltr'><strong>obstare</strong></span> 
     </span>
     <span class='ocr_line' id='line_1_21' title="bbox 336 1614 2316 1667; baseline -0.001 -14"><span class='ocrx_word' id='word_1_231' title='bbox 336 1614 623 1666; x_wconf 89' lang='lat' dir='ltr'><strong>scrupulosque</strong></span> <span class='ocrx_word' id='word_1_232' title='bbox 650 1629 700 1653; x_wconf 81' lang='lat' dir='ltr'><strong>ex</strong></span> <span class='ocrx_word' id='word_1_233' title='bbox 721 1628 763 1653; x_wconf 91' lang='lat' dir='ltr'><strong>se</strong></span> <span class='ocrx_word' id='word_1_234' title='bbox 784 1628 935 1666; x_wconf 89' lang='lat' dir='ltr'><strong>parere,</strong></span> <span class='ocrx_word' id='word_1_235' title='bbox 958 1629 1003 1654; x_wconf 90' lang='lat' dir='ltr'><strong>eo</strong></span> <span class='ocrx_word' id='word_1_236' title='bbox 1024 1615 1228 1667; x_wconf 90' lang='lat' dir='ltr'><strong>proniores</strong></span> <span class='ocrx_word' id='word_1_237' title='bbox 1250 1629 1385 1654; x_wconf 89' lang='lat' dir='ltr'><strong>sumus</strong></span> <span class='ocrx_word' id='word_1_238' title='bbox 1406 1615 1447 1653; x_wconf 89' lang='lat' dir='ltr'><strong>in</strong></span> <span class='ocrx_word' id='word_1_239' title='bbox 1469 1629 1555 1654; x_wconf 90' lang='lat' dir='ltr'><strong>eam</strong></span> <span class='ocrx_word' id='word_1_240' title='bbox 1577 1615 1817 1666; x_wconf 88' lang='lat' dir='ltr'><strong>opinionem,</strong></span> <span class='ocrx_word' id='word_1_241' title='bbox 1840 1620 1883 1653; x_wconf 89' lang='lat' dir='ltr'><strong>ut</strong></span> <span class='ocrx_word' id='word_1_242' title='bbox 1903 1619 2110 1666; x_wconf 89' lang='lat' dir='ltr'><strong>peccatum</strong></span> <span class='ocrx_word' id='word_1_243' title='bbox 2131 1627 2208 1652; x_wconf 92' lang='lat' dir='ltr'><strong>non</strong></span> <span class='ocrx_word' id='word_1_244' title='bbox 2231 1627 2316 1652; x_wconf 89' lang='lat' dir='ltr'><strong>esse</strong></span> 
     </span>
     <span class='ocr_line' id='line_1_22' title="bbox 336 1684 2316 1739; baseline -0.001 -14"><span class='ocrx_word' id='word_1_245' title='bbox 336 1686 414 1726; x_wconf 93' lang='lat' dir='ltr'><strong>nisi</strong></span> <span class='ocrx_word' id='word_1_246' title='bbox 434 1701 458 1726; x_wconf 87' lang='lat' dir='ltr'><strong>a</strong></span> <span class='ocrx_word' id='word_1_247' title='bbox 478 1684 673 1726; x_wconf 86' lang='lat' dir='ltr'><strong>Cicerone</strong></span> <span class='ocrx_word' id='word_1_248' title='bbox 693 1686 782 1738; x_wconf 89' lang='lat' dir='ltr'><strong>ipso</strong></span> <span class='ocrx_word' id='word_1_249' title='bbox 803 1692 1002 1738; x_wconf 87' lang='lat' dir='ltr'><strong>putemus,</strong></span> <span class='ocrx_word' id='word_1_250' title='bbox 1024 1687 1090 1739; x_wconf 90' lang='lat' dir='ltr'><strong>qui</strong></span> <span class='ocrx_word' id='word_1_251' title='bbox 1114 1693 1371 1739; x_wconf 82' lang='lat' dir='ltr'><strong>posteaquam</strong></span> <span class='ocrx_word' id='word_1_252' title='bbox 1393 1686 1578 1739; x_wconf 86' lang='lat' dir='ltr'><strong>exposuit</strong></span> <span class='ocrx_word' id='word_1_253' title='bbox 1597 1686 1752 1738; x_wconf 92' lang='lat' dir='ltr'><strong>plenius</strong></span> <span class='ocrx_word' id='word_1_254' title='bbox 1774 1685 1844 1725; x_wconf 92' lang='lat' dir='ltr'><strong>illa</strong></span> <span class='ocrx_word' id='word_1_255' title='bbox 1864 1698 1965 1738; x_wconf 91' lang='lat' dir='ltr'><strong>quae</strong></span> <span class='ocrx_word' id='word_1_256' title='bbox 1985 1684 2160 1737; x_wconf 85' lang='lat' dir='ltr'><strong>Epicuro</strong></span> <span class='ocrx_word' id='word_1_257' title='bbox 2182 1697 2316 1724; x_wconf 90' lang='lat' dir='ltr'><strong>occur-</strong></span> 
     </span>
     <span class='ocr_line' id='line_1_23' title="bbox 335 1755 2316 1810; baseline -0.001 -13"><span class='ocrx_word' id='word_1_258' title='bbox 335 1758 435 1798; x_wconf 88' lang='lat' dir='ltr'><strong>risse</strong></span> <span class='ocrx_word' id='word_1_259' title='bbox 461 1755 518 1809; x_wconf 90' lang='lat' dir='ltr'><strong>(h.</strong></span> <span class='ocrx_word' id='word_1_260' title='bbox 540 1771 572 1797; x_wconf 90' lang='lat' dir='ltr'><strong>e.</strong></span> <span class='ocrx_word' id='word_1_261' title='bbox 594 1758 636 1796; x_wconf 93' lang='lat' dir='ltr'><strong>in</strong></span> <span class='ocrx_word' id='word_1_262' title='bbox 661 1762 836 1797; x_wconf 88' lang='lat' dir='ltr'><strong>mentem</strong></span> <span class='ocrx_word' id='word_1_263' title='bbox 863 1758 1040 1805; x_wconf 85' lang='lat' dir='ltr'><strong>venisse)</strong></span> <span class='ocrx_word' id='word_1_264' title='bbox 1068 1758 1176 1809; x_wconf 90' lang='lat' dir='ltr'><strong>dicit,</strong></span> <span class='ocrx_word' id='word_1_265' title='bbox 1210 1759 1244 1797; x_wconf 88' lang='lat' dir='ltr'><strong>si</strong></span> <span class='ocrx_word' id='word_1_266' title='bbox 1265 1759 1398 1797; x_wconf 88' lang='lat' dir='ltr'><strong>omnia</strong></span> <span class='ocrx_word' id='word_1_267' title='bbox 1424 1758 1608 1797; x_wconf 91' lang='lat' dir='ltr'><strong>deorsum</strong></span> <span class='ocrx_word' id='word_1_268' title='bbox 1634 1772 1655 1796; x_wconf 91' lang='lat' dir='ltr'><strong>e</strong></span> <span class='ocrx_word' id='word_1_269' title='bbox 1681 1759 1842 1810; x_wconf 88' lang='lat' dir='ltr'><strong>regione</strong></span> <span class='ocrx_word' id='word_1_270' title='bbox 1868 1757 2077 1807; x_wconf 86' lang='lat' dir='ltr'><strong>ferrentur,</strong></span> <span class='ocrx_word' id='word_1_271' title='bbox 2101 1771 2316 1809; x_wconf 86' lang='lat' dir='ltr'><strong>numquam</strong></span> 
     </span>
     <span class='ocr_line' id='line_1_24' title="bbox 335 1829 2317 1881; baseline 0 -13"><span class='ocrx_word' id='word_1_272' title='bbox 335 1830 420 1868; x_wconf 87' lang='lat' dir='ltr'><strong>fore</strong></span> <span class='ocrx_word' id='word_1_273' title='bbox 453 1835 495 1868; x_wconf 82' lang='lat' dir='ltr'><strong>ut</strong></span> <span class='ocrx_word' id='word_1_274' title='bbox 526 1836 682 1869; x_wconf 85' lang='lat' dir='ltr'><strong>atomus</strong></span> <span class='ocrx_word' id='word_1_275' title='bbox 714 1836 891 1869; x_wconf 89' lang='lat' dir='ltr'><strong>atomum</strong></span> <span class='ocrx_word' id='word_1_276' title='bbox 923 1830 1157 1880; x_wconf 86' lang='lat' dir='ltr'><strong>attingeret,</strong></span> <span class='ocrx_word' id='word_1_277' title='bbox 1198 1830 1444 1869; x_wconf 87' lang='lat' dir='ltr'><strong>continuavit</strong></span> <span class='ocrx_word' id='word_1_278' title='bbox 1481 1830 1702 1870; x_wconf 89' lang='lat' dir='ltr'><strong>orationem</strong></span> <span class='ocrx_word' id='word_1_279' title='bbox 1740 1830 1872 1869; x_wconf 88' lang='lat' dir='ltr'><strong>verbis</strong></span> <span class='ocrx_word' id='word_1_280' title='bbox 1909 1831 2042 1881; x_wconf 80' lang='lat' dir='ltr'><strong>itaque</strong></span> <span class='ocrx_word' id='word_1_281' title='bbox 2076 1829 2205 1868; x_wconf 82' lang='lat' dir='ltr'><strong>attulit</strong></span> <span class='ocrx_word' id='word_1_282' title='bbox 2236 1843 2317 1868; x_wconf 80' lang='lat' dir='ltr'><strong>rem</strong></span> 
     </span>
     <span class='ocr_line' id='line_1_25' title="bbox 336 1900 2318 1953; baseline 0 -13"><span class='ocrx_word' id='word_1_283' title='bbox 336 1902 651 1949; x_wconf 80' lang='lat' dir='ltr'><strong>commenticiam,</strong></span> <span class='ocrx_word' id='word_1_284' title='bbox 675 1914 806 1940; x_wconf 89' lang='lat' dir='ltr'><strong>errore</strong></span> <span class='ocrx_word' id='word_1_285' title='bbox 827 1900 1026 1951; x_wconf 90' lang='lat' dir='ltr'><strong>seductus,</strong></span> <span class='ocrx_word' id='word_1_286' title='bbox 1050 1900 1165 1953; x_wconf 91' lang='lat' dir='ltr'><strong>quasi</strong></span> <span class='ocrx_word' id='word_1_287' title='bbox 1185 1914 1265 1939; x_wconf 90' lang='lat' dir='ltr'><strong>non</strong></span> <span class='ocrx_word' id='word_1_288' title='bbox 1287 1901 1569 1952; x_wconf 85' lang='lat' dir='ltr'><strong>praemisisset,</strong></span> <span class='ocrx_word' id='word_1_289' title='bbox 1591 1901 1702 1939; x_wconf 78' lang='lat' dir='ltr'><strong>homo</strong></span> <span class='ocrx_word' id='word_1_290' title='bbox 1723 1908 1871 1949; x_wconf 69' lang='lat' dir='ltr'><strong>acutus,</strong></span> <span class='ocrx_word' id='word_1_291' title='bbox 1892 1915 1978 1939; x_wconf 84' lang='lat' dir='ltr'><strong>cum</strong></span> <span class='ocrx_word' id='word_1_292' title='bbox 1998 1910 2224 1949; x_wconf 81' lang='lat' dir='ltr'><strong>occurreret,</strong></span> <span class='ocrx_word' id='word_1_293' title='bbox 2248 1902 2318 1940; x_wconf 91' lang='lat' dir='ltr'><strong>sed</strong></span> 
     </span>
     <span class='ocr_line' id='line_1_26' title="bbox 337 1972 1376 2025; baseline 0.001 -14"><span class='ocrx_word' id='word_1_294' title='bbox 337 1972 406 2012; x_wconf 88' lang='lat' dir='ltr'><strong>illa</strong></span> <span class='ocrx_word' id='word_1_295' title='bbox 426 1972 557 2025; x_wconf 88' lang='lat' dir='ltr'><strong>potius</strong></span> <span class='ocrx_word' id='word_1_296' title='bbox 578 1973 717 2012; x_wconf 85' lang='lat' dir='ltr'><strong>deinde</strong></span> <span class='ocrx_word' id='word_1_297' title='bbox 736 1972 880 2012; x_wconf 85' lang='lat' dir='ltr'><strong>ibidem</strong></span> <span class='ocrx_word' id='word_1_298' title='bbox 898 1973 1050 2012; x_wconf 79' lang='lat' dir='ltr'><strong>homini</strong></span> <span class='ocrx_word' id='word_1_299' title='bbox 1067 1980 1180 2013; x_wconf 86' lang='lat' dir='ltr'><strong>acuto</strong></span> <span class='ocrx_word' id='word_1_300' title='bbox 1198 1974 1376 2012; x_wconf 81' lang='lat' dir='ltr'><strong>occurrit.</strong></span> 
     </span>
    </p>

    <p class='ocr_par' dir='ltr' id='par_1_3' title="bbox 336 2042 2320 3099">
     <span class='ocr_line' id='line_1_27' title="bbox 537 2042 2318 2096; baseline 0.001 -14"><span class='ocrx_word' id='word_1_301' title='bbox 537 2045 627 2082; x_wconf 92' lang='lat' dir='ltr'><strong>Non</strong></span> <span class='ocrx_word' id='word_1_302' title='bbox 662 2045 889 2096; x_wconf 88' lang='lat' dir='ltr'><strong>quaerimus</strong></span> <span class='ocrx_word' id='word_1_303' title='bbox 925 2045 973 2083; x_wconf 91' lang='lat' dir='ltr'><strong>de</strong></span> <span class='ocrx_word' id='word_1_304' title='bbox 1010 2044 1336 2083; x_wconf 89' lang='lat' dir='ltr'><strong>anacoluthorum</strong></span> <span class='ocrx_word' id='word_1_305' title='bbox 1369 2042 1722 2083; x_wconf 85' lang='lat' dir='ltr'><strong>Ciceronianorum</strong></span> <span class='ocrx_word' id='word_1_306' title='bbox 1757 2044 1887 2083; x_wconf 89' lang='lat' dir='ltr'><strong>modis</strong></span> <span class='ocrx_word' id='word_1_307' title='bbox 1922 2058 1968 2083; x_wconf 88' lang='lat' dir='ltr'><strong>ac</strong></span> <span class='ocrx_word' id='word_1_308' title='bbox 2003 2045 2232 2095; x_wconf 86' lang='lat' dir='ltr'><strong>generibus,</strong></span> <span class='ocrx_word' id='word_1_309' title='bbox 2270 2045 2318 2084; x_wconf 92' lang='lat' dir='ltr'><strong>de</strong></span> 
     </span>
     <span class='ocr_line' id='line_1_28' title="bbox 338 2114 2318 2168; baseline 0.001 -14"><span class='ocrx_word' id='word_1_310' title='bbox 338 2115 494 2167; x_wconf 90' lang='lat' dir='ltr'><strong>quibus,</strong></span> <span class='ocrx_word' id='word_1_311' title='bbox 517 2121 608 2167; x_wconf 87' lang='lat' dir='ltr'><strong>post</strong></span> <span class='ocrx_word' id='word_1_312' title='bbox 627 2116 727 2155; x_wconf 91' lang='lat' dir='ltr'><strong>alios</strong></span> <span class='ocrx_word' id='word_1_313' title='bbox 756 2122 795 2155; x_wconf 88' lang='lat' dir='ltr'><strong>et</strong></span> <span class='ocrx_word' id='word_1_314' title='bbox 819 2116 1002 2168; x_wconf 89' lang='lat' dir='ltr'><strong>inprimis</strong></span> <span class='ocrx_word' id='word_1_315' title='bbox 1024 2115 1073 2155; x_wconf 88' lang='lat' dir='ltr'><strong>G.</strong></span> <span class='ocrx_word' id='word_1_316' title='bbox 1092 2114 1338 2168; x_wconf 88' lang='lat' dir='ltr'><strong>Schuppium</strong></span> <span class='ocrx_word' id='word_1_317' title='bbox 1365 2116 1460 2154; x_wconf 92' lang='lat' dir='ltr'><strong>olim</strong></span> <span class='ocrx_word' id='word_1_318' title='bbox 1480 2115 1726 2168; x_wconf 89' lang='lat' dir='ltr'><strong>philologum</strong></span> <span class='ocrx_word' id='word_1_319' title='bbox 1745 2129 1853 2154; x_wconf 89' lang='lat' dir='ltr'><strong>nunc</strong></span> <span class='ocrx_word' id='word_1_320' title='bbox 1878 2114 2158 2167; x_wconf 90' lang='lat' dir='ltr'><strong>philosophum</strong></span> <span class='ocrx_word' id='word_1_321' title='bbox 2182 2115 2318 2156; x_wconf 89' lang='lat' dir='ltr'><strong>multis</strong></span> 
     </span>
     <span class='ocr_line' id='line_1_29' title="bbox 338 2186 2319 2239; baseline 0.001 -14"><span class='ocrx_word' id='word_1_322' title='bbox 338 2192 377 2225; x_wconf 92' lang='lat' dir='ltr'><strong>et</strong></span> <span class='ocrx_word' id='word_1_323' title='bbox 397 2186 554 2238; x_wconf 89' lang='lat' dir='ltr'><strong>magnis</strong></span> <span class='ocrx_word' id='word_1_324' title='bbox 574 2188 726 2226; x_wconf 88' lang='lat' dir='ltr'><strong>meritis</strong></span> <span class='ocrx_word' id='word_1_325' title='bbox 743 2187 904 2237; x_wconf 89' lang='lat' dir='ltr'><strong>clarum,</strong></span> <span class='ocrx_word' id='word_1_326' title='bbox 929 2187 1139 2239; x_wconf 86' lang='lat' dir='ltr'><strong>diligenter</strong></span> <span class='ocrx_word' id='word_1_327' title='bbox 1158 2187 1342 2239; x_wconf 84' lang='lat' dir='ltr'><strong>exposuit</strong></span> <span class='ocrx_word' id='word_1_328' title='bbox 1362 2187 1405 2226; x_wconf 90' lang='lat' dir='ltr'><strong>F.</strong></span> <span class='ocrx_word' id='word_1_329' title='bbox 1425 2186 1714 2226; x_wconf 84' lang='lat' dir='ltr'><strong>Gustafssonus</strong></span> <span class='ocrx_word' id='word_1_330' title='bbox 1734 2187 1775 2225; x_wconf 91' lang='lat' dir='ltr'><strong>in</strong></span> <span class='ocrx_word' id='word_1_331' title='bbox 1797 2187 1933 2225; x_wconf 88' lang='lat' dir='ltr'><strong>libello</strong></span> <span class='ocrx_word' id='word_1_332' title='bbox 1954 2188 2001 2225; x_wconf 83' lang='lat' dir='ltr'><strong>de</strong></span> <span class='ocrx_word' id='word_1_333' title='bbox 2017 2188 2148 2238; x_wconf 83' lang='lat' dir='ltr'><strong>primo</strong></span> <span class='ocrx_word' id='word_1_334' title='bbox 2170 2186 2319 2226; x_wconf 78' lang='lat' dir='ltr'><strong>Cicero-</strong></span> 
     </span>
     <span class='ocr_line' id='line_1_30' title="bbox 336 2257 2320 2310; baseline 0.001 -14"><span class='ocrx_word' id='word_1_335' title='bbox 336 2259 400 2296; x_wconf 70' lang='lat' dir='ltr'><strong>nis</strong></span> <span class='ocrx_word' id='word_1_336' title='bbox 419 2257 625 2306; x_wconf 75' lang='lat' dir='ltr'><strong>definibue</strong></span> <span class='ocrx_word' id='word_1_337' title='bbox 645 2258 962 2308; x_wconf 86' lang='lat' dir='ltr'><strong>Helsingforsiae</strong></span> <span class='ocrx_word' id='word_1_338' title='bbox 983 2274 1016 2297; x_wconf 88' lang='lat' dir='ltr'><strong>a.</strong></span> <span class='ocrx_word' id='word_1_339' title='bbox 1038 2259 1143 2297; x_wconf 77' lang='lat'>1878</span> <span class='ocrx_word' id='word_1_340' title='bbox 1164 2258 1282 2308; x_wconf 87' lang='lat' dir='ltr'><strong>edito,</strong></span> <span class='ocrx_word' id='word_1_341' title='bbox 1306 2259 1373 2310; x_wconf 88' lang='lat' dir='ltr'><strong>qui</strong></span> <span class='ocrx_word' id='word_1_342' title='bbox 1393 2258 1555 2310; x_wconf 91' lang='lat' dir='ltr'><strong>quidem</strong></span> <span class='ocrx_word' id='word_1_343' title='bbox 1576 2258 1651 2297; x_wconf 89' lang='lat' dir='ltr'><strong>hoc</strong></span> <span class='ocrx_word' id='word_1_344' title='bbox 1676 2259 1799 2309; x_wconf 88' lang='lat' dir='ltr'><strong>probe</strong></span> <span class='ocrx_word' id='word_1_345' title='bbox 1826 2257 2020 2308; x_wconf 88' lang='lat' dir='ltr'><strong>ostendit,</strong></span> <span class='ocrx_word' id='word_1_346' title='bbox 2050 2272 2168 2309; x_wconf 88' lang='lat' dir='ltr'><strong>saepe</strong></span> <span class='ocrx_word' id='word_1_347' title='bbox 2195 2259 2320 2298; x_wconf 84' lang='lat' dir='ltr'><strong>multa</strong></span> 
     </span>
     <span class='ocr_line' id='line_1_31' title="bbox 337 2329 2317 2381; baseline 0 -13"><span class='ocrx_word' id='word_1_348' title='bbox 337 2343 418 2368; x_wconf 89' lang='lat' dir='ltr'><strong>non</strong></span> <span class='ocrx_word' id='word_1_349' title='bbox 448 2335 556 2368; x_wconf 89' lang='lat' dir='ltr'><strong>recte</strong></span> <span class='ocrx_word' id='word_1_350' title='bbox 588 2329 640 2368; x_wconf 87' lang='lat' dir='ltr'><strong>ad</strong></span> <span class='ocrx_word' id='word_1_351' title='bbox 670 2329 777 2368; x_wconf 90' lang='lat' dir='ltr'><strong>hunc</strong></span> <span class='ocrx_word' id='word_1_352' title='bbox 808 2344 1016 2369; x_wconf 88' lang='lat' dir='ltr'><strong>numerum</strong></span> <span class='ocrx_word' id='word_1_353' title='bbox 1047 2329 1234 2370; x_wconf 87' lang='lat' dir='ltr'><strong>adscribi.</strong></span> <span class='ocrx_word' id='word_1_354' title='bbox 1281 2330 1420 2381; x_wconf 89' lang='lat' dir='ltr'><strong>Neque</strong></span> <span class='ocrx_word' id='word_1_355' title='bbox 1453 2329 1527 2369; x_wconf 93' lang='lat' dir='ltr'><strong>hoc</strong></span> <span class='ocrx_word' id='word_1_356' title='bbox 1559 2329 1658 2369; x_wconf 88' lang='lat' dir='ltr'><strong>adeo</strong></span> <span class='ocrx_word' id='word_1_357' title='bbox 1690 2329 1741 2369; x_wconf 88' lang='lat' dir='ltr'><strong>ad</strong></span> <span class='ocrx_word' id='word_1_358' title='bbox 1772 2329 1877 2369; x_wconf 88' lang='lat' dir='ltr'><strong>hanc</strong></span> <span class='ocrx_word' id='word_1_359' title='bbox 1908 2343 1992 2368; x_wconf 91' lang='lat' dir='ltr'><strong>rem</strong></span> <span class='ocrx_word' id='word_1_360' title='bbox 2019 2343 2137 2381; x_wconf 90' lang='lat' dir='ltr'><strong>quam</strong></span> <span class='ocrx_word' id='word_1_361' title='bbox 2164 2330 2317 2380; x_wconf 83' lang='lat' dir='ltr'><strong>agimus</strong></span> 
     </span>
     <span class='ocr_line' id='line_1_32' title="bbox 337 2389 2320 2454; baseline 0 -14"><span class='ocrx_word' id='word_1_362' title='bbox 337 2400 537 2453; x_wconf 89' lang='lat' dir='ltr'><strong>pertinere</strong></span> <span class='ocrx_word' id='word_1_363' title='bbox 559 2400 810 2451; x_wconf 84' lang='lat' dir='ltr'><strong>arbitramur,</strong></span> <span class='ocrx_word' id='word_1_364' title='bbox 839 2407 994 2441; x_wconf 85' lang='lat' dir='ltr'><strong>exstare</strong></span> <span class='ocrx_word' id='word_1_365' title='bbox 1015 2401 1112 2441; x_wconf 91' lang='lat' dir='ltr'><strong>alibi</strong></span> <span class='ocrx_word' id='word_1_366' title='bbox 1136 2401 1240 2454; x_wconf 85' lang='lat' dir='ltr'><strong>apud</strong></span> <span class='ocrx_word' id='word_1_367' title='bbox 1262 2399 1499 2441; x_wconf 84' lang='lat' dir='ltr'><strong>Ciceronem</strong></span> <span class='ocrx_word' id='word_1_368' title='bbox 1529 2389 1792 2454; x_wconf 23' lang='lat' dir='ltr'><strong>imperfectae,</strong></span> <span class='ocrx_word' id='word_1_369' title='bbox 1816 2400 2007 2440; x_wconf 87' lang='lat' dir='ltr'><strong>orationis</strong></span> <span class='ocrx_word' id='word_1_370' title='bbox 2040 2401 2221 2453; x_wconf 84' lang='lat' dir='ltr'><strong>exempla</strong></span> <span class='ocrx_word' id='word_1_371' title='bbox 2252 2407 2320 2440; x_wconf 90' lang='lat' dir='ltr'><strong>aut</strong></span> 
     </span>
     <span class='ocr_line' id='line_1_33' title="bbox 337 2471 2319 2525; baseline 0 -14"><span class='ocrx_word' id='word_1_372' title='bbox 337 2485 455 2524; x_wconf 89' lang='lat' dir='ltr'><strong>posse</strong></span> <span class='ocrx_word' id='word_1_373' title='bbox 476 2471 552 2512; x_wconf 89' lang='lat' dir='ltr'><strong>hoc</strong></span> <span class='ocrx_word' id='word_1_374' title='bbox 571 2478 752 2512; x_wconf 89' lang='lat' dir='ltr'><strong>nostrum</strong></span> <span class='ocrx_word' id='word_1_375' title='bbox 772 2471 822 2511; x_wconf 90' lang='lat' dir='ltr'><strong>ad</strong></span> <span class='ocrx_word' id='word_1_376' title='bbox 845 2480 994 2511; x_wconf 87' lang='lat' dir='ltr'><strong>certum</strong></span> <span class='ocrx_word' id='word_1_377' title='bbox 1016 2472 1216 2525; x_wconf 88' lang='lat' dir='ltr'><strong>quoddam</strong></span> <span class='ocrx_word' id='word_1_378' title='bbox 1235 2486 1360 2524; x_wconf 90' lang='lat' dir='ltr'><strong>genus</strong></span> <span class='ocrx_word' id='word_1_379' title='bbox 1388 2486 1523 2512; x_wconf 88' lang='lat' dir='ltr'><strong>eorum</strong></span> <span class='ocrx_word' id='word_1_380' title='bbox 1547 2472 1697 2512; x_wconf 82' lang='lat' dir='ltr'><strong>referri.</strong></span> <span class='ocrx_word' id='word_1_381' title='bbox 1739 2471 1819 2511; x_wconf 89' lang='lat' dir='ltr'><strong>Sed</strong></span> <span class='ocrx_word' id='word_1_382' title='bbox 1845 2472 1945 2511; x_wconf 90' lang='lat' dir='ltr'><strong>illud</strong></span> <span class='ocrx_word' id='word_1_383' title='bbox 1970 2473 2101 2524; x_wconf 92' lang='lat' dir='ltr'><strong>potius</strong></span> <span class='ocrx_word' id='word_1_384' title='bbox 2127 2473 2319 2523; x_wconf 89' lang='lat' dir='ltr'><strong>indagan-</strong></span> 
     </span>
     <span class='ocr_line' id='line_1_34' title="bbox 339 2543 2319 2595; baseline 0.001 -14"><span class='ocrx_word' id='word_1_385' title='bbox 339 2543 432 2581; x_wconf 91' lang='lat' dir='ltr'><strong>dum</strong></span> <span class='ocrx_word' id='word_1_386' title='bbox 454 2556 541 2582; x_wconf 87' lang='lat' dir='ltr'><strong>esse</strong></span> <span class='ocrx_word' id='word_1_387' title='bbox 564 2543 745 2592; x_wconf 91' lang='lat' dir='ltr'><strong>dicimus,</strong></span> <span class='ocrx_word' id='word_1_388' title='bbox 769 2544 897 2582; x_wconf 91' lang='lat' dir='ltr'><strong>sicubi</strong></span> <span class='ocrx_word' id='word_1_389' title='bbox 919 2545 1044 2582; x_wconf 89' lang='lat' dir='ltr'><strong>oratio</strong></span> <span class='ocrx_word' id='word_1_390' title='bbox 1064 2558 1144 2582; x_wconf 92' lang='lat' dir='ltr'><strong>non</strong></span> <span class='ocrx_word' id='word_1_391' title='bbox 1167 2557 1237 2582; x_wconf 93' lang='lat' dir='ltr'><strong>suo</strong></span> <span class='ocrx_word' id='word_1_392' title='bbox 1259 2544 1397 2581; x_wconf 88' lang='lat' dir='ltr'><strong>ordine</strong></span> <span class='ocrx_word' id='word_1_393' title='bbox 1417 2544 1607 2594; x_wconf 89' lang='lat' dir='ltr'><strong>procedit,</strong></span> <span class='ocrx_word' id='word_1_394' title='bbox 1635 2558 1711 2595; x_wconf 93' lang='lat' dir='ltr'><strong>quo</strong></span> <span class='ocrx_word' id='word_1_395' title='bbox 1737 2558 1868 2582; x_wconf 89' lang='lat' dir='ltr'><strong>errore</strong></span> <span class='ocrx_word' id='word_1_396' title='bbox 1889 2558 2016 2595; x_wconf 84' lang='lat' dir='ltr'><strong>quave</strong></span> <span class='ocrx_word' id='word_1_397' title='bbox 2043 2544 2226 2582; x_wconf 88' lang='lat' dir='ltr'><strong>socordia</strong></span> <span class='ocrx_word' id='word_1_398' title='bbox 2245 2544 2319 2583; x_wconf 90' lang='lat' dir='ltr'><strong>hoc</strong></span> 
     </span>
     <span class='ocr_line' id='line_1_35' title="bbox 338 2614 2318 2667; baseline 0.001 -14"><span class='ocrx_word' id='word_1_399' title='bbox 338 2615 425 2654; x_wconf 88' lang='lat' dir='ltr'><strong>fieri</strong></span> <span class='ocrx_word' id='word_1_400' title='bbox 444 2615 630 2667; x_wconf 89' lang='lat' dir='ltr'><strong>potuerit,</strong></span> <span class='ocrx_word' id='word_1_401' title='bbox 659 2621 701 2653; x_wconf 90' lang='lat' dir='ltr'><strong>ut</strong></span> <span class='ocrx_word' id='word_1_402' title='bbox 722 2621 863 2667; x_wconf 89' lang='lat' dir='ltr'><strong>coepta</strong></span> <span class='ocrx_word' id='word_1_403' title='bbox 889 2614 1047 2654; x_wconf 88' lang='lat' dir='ltr'><strong>dicendi</strong></span> <span class='ocrx_word' id='word_1_404' title='bbox 1072 2615 1199 2654; x_wconf 86' lang='lat' dir='ltr'><strong>forma</strong></span> <span class='ocrx_word' id='word_1_405' title='bbox 1226 2614 1416 2654; x_wconf 83' lang='lat' dir='ltr'><strong>derelicta</strong></span> <span class='ocrx_word' id='word_1_406' title='bbox 1441 2628 1569 2667; x_wconf 91' lang='lat' dir='ltr'><strong>neque</strong></span> <span class='ocrx_word' id='word_1_407' title='bbox 1594 2615 1669 2654; x_wconf 90' lang='lat' dir='ltr'><strong>rite</strong></span> <span class='ocrx_word' id='word_1_408' title='bbox 1695 2615 1746 2654; x_wconf 87' lang='lat' dir='ltr'><strong>ad</strong></span> <span class='ocrx_word' id='word_1_409' title='bbox 1772 2629 1887 2655; x_wconf 91' lang='lat' dir='ltr'><strong>suum</strong></span> <span class='ocrx_word' id='word_1_410' title='bbox 1912 2615 2032 2654; x_wconf 90' lang='lat' dir='ltr'><strong>finem</strong></span> <span class='ocrx_word' id='word_1_411' title='bbox 2060 2614 2229 2654; x_wconf 87' lang='lat' dir='ltr'><strong>deducta</strong></span> <span class='ocrx_word' id='word_1_412' title='bbox 2255 2615 2318 2655; x_wconf 88' lang='lat' dir='ltr'><strong>sit.</strong></span> 
     </span>
     <span class='ocr_line' id='line_1_36' title="bbox 339 2686 2319 2741; baseline 0.002 -16"><span class='ocrx_word' id='word_1_413' title='bbox 339 2686 473 2735; x_wconf 83' lang='lat' dir='ltr'><strong>Quare</strong></span> <span class='ocrx_word' id='word_1_414' title='bbox 494 2686 602 2738; x_wconf 89' lang='lat' dir='ltr'><strong>quod</strong></span> <span class='ocrx_word' id='word_1_415' title='bbox 623 2687 858 2727; x_wconf 86' lang='lat' dir='ltr'><strong>coniicimus</strong></span> <span class='ocrx_word' id='word_1_416' title='bbox 878 2688 955 2726; x_wconf 89' lang='lat' dir='ltr'><strong>isto</strong></span> <span class='ocrx_word' id='word_1_417' title='bbox 976 2688 1062 2727; x_wconf 90' lang='lat' dir='ltr'><strong>loco</strong></span> <span class='ocrx_word' id='word_1_418' title='bbox 1089 2687 1285 2727; x_wconf 86' lang='lat' dir='ltr'><strong>accidisse</strong></span> <span class='ocrx_word' id='word_1_419' title='bbox 1311 2702 1361 2727; x_wconf 90' lang='lat' dir='ltr'><strong>ne</strong></span> <span class='ocrx_word' id='word_1_420' title='bbox 1388 2688 1477 2739; x_wconf 81' lang='lat' dir='ltr'><strong>quis</strong></span> <span class='ocrx_word' id='word_1_421' title='bbox 1504 2694 1736 2740; x_wconf 87' lang='lat' dir='ltr'><strong>aspernetur</strong></span> <span class='ocrx_word' id='word_1_422' title='bbox 1760 2694 1971 2741; x_wconf 86' lang='lat' dir='ltr'><strong>propterea</strong></span> <span class='ocrx_word' id='word_1_423' title='bbox 1997 2687 2103 2740; x_wconf 93' lang='lat' dir='ltr'><strong>quod</strong></span> <span class='ocrx_word' id='word_1_424' title='bbox 2130 2687 2319 2728; x_wconf 90' lang='lat' dir='ltr'><strong>credibile</strong></span> 
     </span>
     <span class='ocr_line' id='line_1_37' title="bbox 338 2758 2319 2812; baseline 0.001 -14"><span class='ocrx_word' id='word_1_425' title='bbox 338 2772 419 2799; x_wconf 92' lang='lat' dir='ltr'><strong>non</strong></span> <span class='ocrx_word' id='word_1_426' title='bbox 445 2759 499 2799; x_wconf 89' lang='lat' dir='ltr'><strong>sit</strong></span> <span class='ocrx_word' id='word_1_427' title='bbox 523 2758 564 2798; x_wconf 91' lang='lat' dir='ltr'><strong>in</strong></span> <span class='ocrx_word' id='word_1_428' title='bbox 586 2758 740 2798; x_wconf 88' lang='lat' dir='ltr'><strong>tantulo</strong></span> <span class='ocrx_word' id='word_1_429' title='bbox 773 2758 983 2798; x_wconf 85' lang='lat' dir='ltr'><strong>intervallo</strong></span> <span class='ocrx_word' id='word_1_430' title='bbox 1010 2759 1068 2798; x_wconf 89' lang='lat' dir='ltr'><strong>sic</strong></span> <span class='ocrx_word' id='word_1_431' title='bbox 1094 2759 1320 2799; x_wconf 90' lang='lat' dir='ltr'><strong>aberratum</strong></span> <span class='ocrx_word' id='word_1_432' title='bbox 1354 2772 1453 2810; x_wconf 87' lang='lat' dir='ltr'><strong>esse,</strong></span> <span class='ocrx_word' id='word_1_433' title='bbox 1483 2758 1556 2798; x_wconf 90' lang='lat' dir='ltr'><strong>hoc</strong></span> <span class='ocrx_word' id='word_1_434' title='bbox 1582 2759 1881 2812; x_wconf 86' lang='lat' dir='ltr'><strong>respondemus,</strong></span> <span class='ocrx_word' id='word_1_435' title='bbox 1916 2759 2088 2812; x_wconf 88' lang='lat' dir='ltr'><strong>spatium</strong></span> <span class='ocrx_word' id='word_1_436' title='bbox 2121 2773 2198 2798; x_wconf 91' lang='lat' dir='ltr'><strong>non</strong></span> <span class='ocrx_word' id='word_1_437' title='bbox 2231 2773 2319 2800; x_wconf 89' lang='lat' dir='ltr'><strong>esse</strong></span> 
     </span>
     <span class='ocr_line' id='line_1_38' title="bbox 339 2829 2319 2883; baseline 0.002 -15"><span class='ocrx_word' id='word_1_438' title='bbox 339 2829 444 2882; x_wconf 91' lang='lat' dir='ltr'><strong>quod</strong></span> <span class='ocrx_word' id='word_1_439' title='bbox 466 2835 711 2869; x_wconf 85' lang='lat' dir='ltr'><strong>momentum</strong></span> <span class='ocrx_word' id='word_1_440' title='bbox 732 2830 864 2881; x_wconf 88' lang='lat' dir='ltr'><strong>faciat,</strong></span> <span class='ocrx_word' id='word_1_441' title='bbox 887 2830 955 2869; x_wconf 91' lang='lat' dir='ltr'><strong>sed</strong></span> <span class='ocrx_word' id='word_1_442' title='bbox 977 2831 1279 2883; x_wconf 83' lang='lat' dir='ltr'><strong>explicatiorem</strong></span> <span class='ocrx_word' id='word_1_443' title='bbox 1299 2831 1418 2870; x_wconf 87' lang='lat' dir='ltr'><strong>istam</strong></span> <span class='ocrx_word' id='word_1_444' title='bbox 1438 2838 1477 2870; x_wconf 89' lang='lat' dir='ltr'><strong>et</strong></span> <span class='ocrx_word' id='word_1_445' title='bbox 1497 2831 1676 2883; x_wconf 91' lang='lat' dir='ltr'><strong>pluribus</strong></span> <span class='ocrx_word' id='word_1_446' title='bbox 1704 2832 1883 2883; x_wconf 89' lang='lat' dir='ltr'><strong>partibus</strong></span> <span class='ocrx_word' id='word_1_447' title='bbox 1911 2831 2140 2871; x_wconf 86' lang='lat' dir='ltr'><strong>distinctam</strong></span> <span class='ocrx_word' id='word_1_448' title='bbox 2163 2840 2319 2872; x_wconf 89' lang='lat' dir='ltr'><strong>senten·</strong></span> 
     </span>
     <span class='ocr_line' id='line_1_39' title="bbox 340 2900 2318 2956; baseline 0.002 -17"><span class='ocrx_word' id='word_1_449' title='bbox 340 2900 437 2939; x_wconf 90' lang='lat' dir='ltr'><strong>tiam</strong></span> <span class='ocrx_word' id='word_1_450' title='bbox 465 2915 566 2953; x_wconf 89' lang='lat' dir='ltr'><strong>quae</strong></span> <span class='ocrx_word' id='word_1_451' title='bbox 595 2902 724 2941; x_wconf 89' lang='lat' dir='ltr'><strong>media</strong></span> <span class='ocrx_word' id='word_1_452' title='bbox 744 2908 805 2941; x_wconf 88' lang='lat' dir='ltr'><strong>est</strong></span> <span class='ocrx_word' id='word_1_453' title='bbox 823 2901 1032 2940; x_wconf 88' lang='lat' dir='ltr'><strong>interiecta</strong></span> <span class='ocrx_word' id='word_1_454' title='bbox 1051 2902 1241 2942; x_wconf 85' lang='lat' dir='ltr'><strong>fefellisse</strong></span> <span class='ocrx_word' id='word_1_455' title='bbox 1262 2902 1495 2954; x_wconf 88' lang='lat' dir='ltr'><strong>scriptorem</strong></span> <span class='ocrx_word' id='word_1_456' title='bbox 1516 2909 1559 2941; x_wconf 90' lang='lat' dir='ltr'><strong>ut</strong></span> <span class='ocrx_word' id='word_1_457' title='bbox 1578 2903 1790 2942; x_wconf 88' lang='lat' dir='ltr'><strong>inducente</strong></span> <span class='ocrx_word' id='word_1_458' title='bbox 1812 2904 1943 2956; x_wconf 80' lang='lat' dir='ltr'><strong>specie</strong></span> <span class='ocrx_word' id='word_1_459' title='bbox 1970 2902 2147 2942; x_wconf 89' lang='lat' dir='ltr'><strong>crederet</strong></span> <span class='ocrx_word' id='word_1_460' title='bbox 2172 2918 2214 2942; x_wconf 87' lang='lat' dir='ltr'><strong>se</strong></span> <span class='ocrx_word' id='word_1_461' title='bbox 2239 2918 2318 2942; x_wconf 91' lang='lat' dir='ltr'><strong>non</strong></span> 
     </span>
     <span class='ocr_line' id='line_1_40' title="bbox 339 2973 2318 3027; baseline 0.001 -15"><span class='ocrx_word' id='word_1_462' title='bbox 339 2986 442 3024; x_wconf 89' lang='lat' dir='ltr'><strong>quae</strong></span> <span class='ocrx_word' id='word_1_463' title='bbox 462 2974 668 3024; x_wconf 88' lang='lat' dir='ltr'><strong>praemisit</strong></span> <span class='ocrx_word' id='word_1_464' title='bbox 687 2974 943 3025; x_wconf 85' lang='lat' dir='ltr'><strong>praemisisse</strong></span> <span class='ocrx_word' id='word_1_465' title='bbox 964 2973 1034 3013; x_wconf 89' lang='lat' dir='ltr'><strong>sed</strong></span> <span class='ocrx_word' id='word_1_466' title='bbox 1055 2974 1203 3013; x_wconf 86' lang='lat' dir='ltr'><strong>similia</strong></span> <span class='ocrx_word' id='word_1_467' title='bbox 1222 2975 1311 3013; x_wconf 92' lang='lat' dir='ltr'><strong>istis</strong></span> <span class='ocrx_word' id='word_1_468' title='bbox 1333 2980 1372 3013; x_wconf 88' lang='lat' dir='ltr'><strong>et</strong></span> <span class='ocrx_word' id='word_1_469' title='bbox 1392 2975 1535 3026; x_wconf 91' lang='lat' dir='ltr'><strong>quibus</strong></span> <span class='ocrx_word' id='word_1_470' title='bbox 1556 2988 1657 3027; x_wconf 88' lang='lat' dir='ltr'><strong>quae</strong></span> <span class='ocrx_word' id='word_1_471' title='bbox 1677 2975 1941 3027; x_wconf 85' lang='lat' dir='ltr'><strong>insequuntur</strong></span> <span class='ocrx_word' id='word_1_472' title='bbox 1961 2973 2118 3014; x_wconf 87' lang='lat' dir='ltr'><strong>adnecti</strong></span> <span class='ocrx_word' id='word_1_473' title='bbox 2144 2981 2318 3027; x_wconf 90' lang='lat' dir='ltr'><strong>possent.</strong></span> 
     </span>
     <span class='ocr_line' id='line_1_41' title="bbox 340 3043 2319 3099; baseline 0.001 -15"><span class='ocrx_word' id='word_1_474' title='bbox 340 3043 612 3093; x_wconf 85' lang='lat' dir='ltr'><strong>Quamobrem</strong></span> <span class='ocrx_word' id='word_1_475' title='bbox 646 3045 720 3085; x_wconf 89' lang='lat' dir='ltr'><strong>hoc</strong></span> <span class='ocrx_word' id='word_1_476' title='bbox 751 3060 876 3096; x_wconf 90' lang='lat' dir='ltr'><strong>genus</strong></span> <span class='ocrx_word' id='word_1_477' title='bbox 909 3045 1053 3085; x_wconf 91' lang='lat' dir='ltr'><strong>erroris</strong></span> <span class='ocrx_word' id='word_1_478' title='bbox 1086 3045 1190 3098; x_wconf 89' lang='lat' dir='ltr'><strong>quod</strong></span> <span class='ocrx_word' id='word_1_479' title='bbox 1228 3045 1438 3085; x_wconf 88' lang='lat' dir='ltr'><strong>statuimus</strong></span> <span class='ocrx_word' id='word_1_480' title='bbox 1476 3053 1615 3099; x_wconf 89' lang='lat' dir='ltr'><strong>suapte</strong></span> <span class='ocrx_word' id='word_1_481' title='bbox 1647 3052 1789 3086; x_wconf 87' lang='lat' dir='ltr'><strong>natura</strong></span> <span class='ocrx_word' id='word_1_482' title='bbox 1824 3045 2031 3099; x_wconf 88' lang='lat' dir='ltr'><strong>probabile</strong></span> <span class='ocrx_word' id='word_1_483' title='bbox 2062 3060 2149 3087; x_wconf 91' lang='lat' dir='ltr'><strong>esse</strong></span> <span class='ocrx_word' id='word_1_484' title='bbox 2184 3047 2319 3098; x_wconf 88' lang='lat' dir='ltr'><strong>negari</strong></span> 
     </span>
    </p>
   </div>
  </div>
 </body>
</html>
