2634 3457
1276 84 1325 123 21

319 194 443 232 visum
468 199 524 232 est
546 193 632 232 illo
657 206 777 245 pane
802 193 1030 240 iucundiu33
1058 193 1098 231 id
1127 194 1228 246 quod
1252 195 1425 233 maxime
1447 194 1554 233 cadit
1573 195 1614 233 in
1640 194 1787 234 formas
1818 194 2065 246 pronominis
2084 196 2130 245 is,
2162 195 2291 247 quode

319 264 409 303 vide
430 265 551 303 verba
572 264 619 302 de
645 265 792 302 finibus
819 278 843 302 a
862 264 1045 303 Bentleio
1073 265 1194 304 allata
1219 272 1258 305 et
1284 281 1307 305 a
1327 267 1443 305 nobis
1464 266 1654 305 adnotata
1680 267 1730 305 ad
1757 266 1856 305 haec
1883 267 1930 305 de
1951 267 2106 316 legibus
2127 279 2158 306 11
2178 268 2214 317 6,
2240 268 2291 306 14

312 337 429 389 prius
450 350 567 388 quam
591 337 721 388 ipeam
742 336 859 387 leyem
884 337 1049 385 recitem,
1073 337 1119 376 de
1139 338 1236 376 eius
1263 338 1378 391 {eyia
1404 338 1518 377 caude
1538 339 1677 378 dicam.
1724 337 1802 378 Sed
1825 344 1954 378 utrum
1986 352 2121 378 eorum
2151 339 2291 391 proba-

318 409 433 459 veris,
462 408 510 448 de
537 407 808 448 additamento
830 407 1097 461 quaerendum
1130 415 1207 450 est:
1238 410 1322 450 sive
1344 410 1449 450 enim
1472 408 1613 451 Cicero
1634 409 1733 449 nihil
1754 410 1916 463 scripsit
1936 410 2013 449 nisi
2032 410 2154 462 illam,
2186 410 2292 463 quod

315 481 514 533 plerisque
537 481 740 532 probatur,
772 494 849 532 quo
871 480 1037 519 consilio
1059 481 1257 520 credimus
1279 482 1327 520 ad
1349 496 1564 534 pronomen
1588 496 1611 520 a
1631 483 1765 521 nescio
1787 496 1864 534 quo
1886 482 2041 521 adiecta
2062 496 2149 521 esse
2170 483 2293 521 verba

316 553 410 591 bom·
430 553 590 602 lancem,
623 552 707 590 sive
728 553 838 590 illam
859 553 1006 591 lancem
1026 552 1177 602 maluit,
1209 568 1288 605 qua
1307 568 1348 592 re
1369 561 1519 593 motum
1551 553 1731 603 dicimus,
1765 554 2003 606 quicumque
2033 553 2117 603 fuit,
2150 560 2192 592 ut
2211 553 2291 592 illis

317 624 412 663 boni
439 624 719 675 interponeret.
767 622 896 674 Talia,
935 630 978 663 ut
1008 638 1126 676 saepe
1159 624 1338 676 dicimus,
1371 625 1490 677 vulgo
1528 625 1656 664 critici
1693 639 1771 664 non
1804 631 1960 676 curant,
2005 626 2072 677 qui
2103 638 2193 665 cum
2225 624 2291 664 ha-

316 696 437 734 beant
466 695 570 747 quod
601 708 688 734 cum
720 696 853 747 aliqua
882 696 1013 747 specie
1044 696 1106 734 edi
1137 697 1274 748 possit,
1306 698 1480 736 contenti
1512 703 1604 736 sunt
1634 710 1761 748 neque
1783 710 1824 735 se
1845 703 1992 735 vexant
2011 697 2194 749 amplius.
2239 696 2293 735 Et

316 773 447 805 tamen
481 781 527 805 ea
556 780 635 805 non
666 767 752 805 sine
789 766 1026 805 detrimento
1064 768 1330 818 negliguntur.
1375 768 1497 807 Velut
1526 768 1602 807 hoc
1632 768 1718 807 loco
1750 767 2080 807 considerandum
2111 775 2172 808 est
2200 769 2295 807 bom·

316 840 464 877 lancem
484 852 556 877 nec
577 836 812 877 Ciceronem
841 852 970 889 neque
1000 840 1127 888 magis
1158 854 1258 888 eum,
1292 854 1408 891 quem
1429 840 1526 878 haec
1546 854 1618 879 sua
1639 846 1779 891 sponte
1800 839 2002 878 addidisse
2024 840 2171 889 volunt,
2205 853 2291 878 eam

315 910 470 950 lancem
494 909 694 962 appellare
725 909 915 961 potuisse,
948 909 988 947 in
1009 923 1087 962 qua
1107 911 1233 949 animi
1260 910 1361 950 bona
1381 912 1569 964 imposita
1590 917 1692 950 sunt.
1737 910 1841 949 Nam
1862 924 1940 949 non
1963 910 2009 949 de
2031 910 2142 949 bom'e
2162 911 2293 961 agitur

317 981 501 1020 universe
532 980 600 1020 sed
634 980 681 1019 de
713 986 819 1019 certo
850 980 1020 1032 quodam
1052 994 1196 1031 genere
1226 981 1414 1021 bonorum
1444 996 1494 1021 ex
1519 983 1568 1021 iis
1596 995 1695 1034 quae
1716 981 1833 1020 modo
1855 981 1984 1020 divisa
2004 988 2111 1020 sunt:
2142 982 2183 1019 in
2214 994 2293 1033 qua

316 1068 357 1093 re
377 1067 428 1093 ne
448 1053 482 1093 is
504 1052 664 1105 quidem
689 1052 806 1092 facile
833 1053 1017 1092 aberrare
1038 1054 1177 1105 potuit,
1205 1054 1441 1107 quicumque
1463 1055 1613 1107 primus
1636 1054 1711 1093 1100
1732 1054 1812 1104 egit
1833 1060 1876 1093 ut
1895 1053 2166 1093 additamento
2187 1053 2291 1093 facto

317 1125 518 1164 definitius
549 1125 631 1164 eius
662 1125 788 1164 lancis
819 1138 918 1164 onus
950 1125 1218 1175 significaret.-
1250 1126 1391 1178 Itaque
1421 1126 1514 1166 boni
1541 1140 1630 1165 cum
1661 1132 1801 1165 neutra
1830 1132 1941 1178 parte
1963 1125 2122 1164 defendi
2152 1126 2290 1178 possit,

316 1197 400 1236 sive
422 1196 651 1235 Tullianum
678 1209 765 1235 esse
793 1196 876 1234 sive
903 1196 1037 1247 spuria
1063 1196 1216 1248 origine
1241 1203 1413 1249 putatur,
1444 1211 1575 1236 nonne
1596 1198 1720 1236 multo
1748 1197 1977 1237 credibilius
2009 1202 2069 1235 est
2098 1196 2198 1234 nihil
2228 1196 2293 1234 hic

316 1268 436 1307 alieni
472 1268 666 1307 insertum
702 1266 771 1306 sed
808 1266 913 1319 quod
947 1267 1122 1319 positum
1153 1262 1237 1306 erat
1267 1269 1317 1307 ab
1348 1274 1507 1308 auctore
1543 1269 1754 1308 scribentis
1785 1282 1916 1307 errore
1947 1274 2174 1320 corruptum
2205 1281 2291 1306 esse

316 1346 355 1379 et
379 1339 660 1379 obscuratum?
690 1337 847 1387 Quodsi
867 1352 916 1377 ex
936 1338 1030 1377 bom·
1048 1339 1150 1377 effici
1178 1346 1313 1390 posset
1338 1340 1443 1391 quod
1469 1341 1508 1378 in
1536 1340 1638 1378 hanc
1659 1341 1895 1379 sententiam
1919 1338 2131 1390 quadraret
2152 1345 2190 1376 et
2211 1352 2290 1376 cer-

317 1413 456 1451 tiorem
487 1411 604 1450 huius
625 1411 750 1449 lancis
772 1410 1019 1449 notationem
1048 1410 1218 1461 afferret,
1250 1410 1325 1450 hoc
1352 1425 1398 1451 eo
1424 1411 1671 1464 probabilius
1698 1412 1811 1462 foret,
1844 1410 1961 1463 quod,
1995 1424 2231 1462 quamquam
2252 1416 2291 1449 et

314 1485 423 1523 illam
444 1489 482 1522 et
500 1484 612 1522 illam
628 1482 776 1520 lancem
795 1481 1024 1520 satisfacere
1039 1496 1156 1533 posse
1177 1483 1261 1520 iure
1282 1483 1562 1533 concessimus,
1587 1490 1716 1521 tamen
1734 1489 1823 1534 post
1842 1483 1912 1521 illa
1932 1496 2032 1534 quae
2048 1481 2290 1534 praecedunt

316 1569 402 1593 cum
429 1556 472 1593 in
498 1554 661 1593 alteram
680 1554 826 1591 lancem
846 1554 971 1591 animi
994 1553 1094 1592 bona
1114 1555 1302 1604 imponat,
1333 1556 1374 1592 in
1395 1555 1558 1592 alteram
1578 1556 1754 1605 corporis
1775 1562 1809 1593 et
1828 1562 1985 1593 externa
2015 1554 2110 1592 nihil
2144 1554 2287 1605 aptius,

316 1626 417 1667 nihil
437 1626 563 1677 magis
584 1625 807 1677 appositum
830 1623 878 1663 ad
900 1624 1139 1664 sententiam
1160 1638 1246 1664 esse
1267 1625 1405 1677 potuit,
1434 1639 1552 1677 quam
1574 1624 1676 1664 hanc
1696 1625 1862 1676 lancem,
1894 1625 1934 1664 in
1957 1638 2034 1675 qua
2054 1624 2139 1663 sola
2158 1624 2288 1663 omnis

316 1701 377 1739 vis
409 1705 469 1738 est
498 1697 823 1749 comparationis,
862 1696 1088 1747 expressius
1121 1696 1313 1735 denotari.
1358 1696 1472 1734 Haec
1508 1697 1599 1734 dum
1635 1703 1864 1748 reputamus
1901 1711 1946 1735 eo
1979 1696 2212 1734 devenimus
2249 1703 2291 1734 ut

317 1771 611 1822 suspicaremur
640 1767 877 1808 Ciceronem
907 1768 1115 1819 scripsisse

648 1841 749 1879 libra
773 1840 846 1878 illa
873 1839 1048 1888 Critolai,
1078 1841 1149 1892 qui
1174 1853 1259 1878 cum
1290 1841 1332 1879 in
1357 1839 1521 1879 alteram
1545 1841 1692 1879 lancem
1725 1842 1851 1879 animi
1884 1840 1985 1879 bona
2018 1841 2211 1892 imponat,
2248 1841 2291 1878 in

646 1912 808 1950 alteram
834 1912 1010 1963 corpor-ie
1036 1918 1071 1949 et
1095 1918 1263 1958 externa,
1299 1919 1449 1950 tantum
1471 1913 1715 1964 propendere
1746 1912 1857 1950 illam
1891 1912 2113 1950 bonorum
2148 1913 2293 1949 animi

645 1984 794 2021 lancem
810 1990 921 2035 putet
939 1990 982 2021 ut
1001 1990 1143 2021 terram
1164 1990 1198 2021 et
1217 1985 1346 2021 maria
1367 1984 1572 2035 deprimat.

315 2057 427 2096 Haec
462 2061 522 2095 est
556 2055 662 2094 enim
688 2060 798 2094 recta
818 2060 856 2093 et
876 2054 1037 2106 propria
1061 2054 1177 2093 huius
1204 2055 1330 2093 lancis
1357 2054 1582 2106 appellatio,
1611 2068 1710 2106 quae
1743 2068 1821 2093 non
1849 2054 1935 2093 sine
1961 2060 2073 2105 grata
2098 2053 2289 2093 varietate

315 2129 487 2178 affert-ur,
520 2126 624 2179 quod
661 2140 750 2166 cum
785 2131 875 2165 ante
910 2127 1036 2165 animi
1067 2125 1168 2165 bona
1193 2126 1385 2178 posuerit,
1422 2139 1526 2165 nunc
1552 2125 1740 2165 bonorum
1772 2127 1896 2164 animi
1923 2126 2071 2164 lancem
2102 2125 2210 2176 dicit,
2247 2131 2289 2163 ut

316 2215 339 2239 v
361 2199 424 2249 25,
450 2200 500 2238 72
523 2200 695 2251 qaudere
720 2198 862 2237 talibus
888 2198 999 2236 bonie
1020 2200 1162 2245 animi,
1200 2204 1239 2236 et
1262 2199 1327 2242 41,
1352 2199 1432 2236 119
1460 2205 1608 2236 tantam
1629 2199 1916 2249 praestantiam
1942 2199 1984 2235 in
2009 2198 2119 2235 bonis
2145 2198 2288 2242 animi,-

315 2278 354 2310 ct
374 2271 422 2309 de
443 2271 627 2321 genetivo
658 2270 845 2308 bonorum
867 2271 992 2308 animi
1010 2270 1160 2308 lancem
1181 2270 1216 2308 si
1236 2270 1303 2320 qui
1323 2269 1423 2308 forte
1445 2269 1632 2319 ambigat,
1661 2269 1723 2307 vel
1743 2269 1812 2307 illa
1832 2274 2000 2320 possunt
2018 2268 2137 2307 fidem
2157 2268 2287 2307 facere

316 2355 416 2394 quae
438 2341 486 2380 de
506 2342 573 2380 fin.
604 2352 648 2379 1v
668 2341 732 2390 27,
758 2341 808 2379 76
839 2340 1024 2391 leguntur
1043 2342 1080 2379 «η’
1091 2340 1300 2392 palearum
1320 2354 1458 2379 navem
1478 2341 1610 2378 evertit
1634 2348 1669 2378 et
1688 2341 1724 2378 si
1741 2341 1842 2378 auri.
1884 2338 2067 2390 Denique
2089 2339 2185 2377 haec
2206 2338 2286 2390 ple-

314 2413 402 2453 nior
422 2412 547 2451 oratio
567 2411 677 2450 illam
697 2410 886 2450 bonorum
905 2412 1032 2449 animi
1050 2411 1208 2461 lancem,
1231 2424 1348 2462 quam
1365 2412 1584 2449 sententiae
1601 2410 1765 2462 ponderi
1782 2411 1938 2461 egregie
1954 2410 2080 2461 aptari
2098 2409 2284 2459 diximus,

314 2485 448 2524 nescio
483 2497 561 2536 quo
595 2490 709 2535 pacto
737 2480 943 2522 Ciceronis
979 2496 1129 2521 morem
1164 2483 1227 2521 vel
1259 2483 1429 2521 maxime
1457 2482 1594 2521 decere
1623 2482 1708 2520 visa
1737 2489 1814 2531 est3
1850 2481 1954 2533 quod
1988 2481 2104 2533 quale
2132 2482 2184 2519 sit
2212 2482 2286 2520 etsi

314 2557 507 2608 exemplis
535 2555 726 2595 declarari
752 2555 820 2594 vix
847 2560 988 2606 potest,
1016 2561 1150 2593 tamen
1177 2555 1211 2594 si
1236 2555 1324 2606 quis
1347 2554 1409 2593 vel
1430 2568 1476 2592 ea
1495 2554 1748 2605 temptaverit
1767 2567 1867 2605 quae
1889 2552 1937 2592 de
1957 2553 2114 2604 legibus
2139 2566 2170 2593 11
2195 2554 2232 2603 4,
2262 2553 2286 2592 8

313 2630 396 2680 (79,
418 2627 478 2679 2),
510 2630 549 2677 5,
574 2630 619 2667 11
645 2625 726 2678 (81,
753 2627 837 2677 10),
867 2639 882 2666 1
902 2627 938 2677 6,
963 2626 1013 2665 19
1034 2622 1163 2676 (2Ο,4)
1193 2626 1393 2677 leguntur,
1420 2625 1628 2677 percipiet,
1656 2625 1881 2677 opinamur,
1911 2624 2006 2677 quid
2036 2626 2088 2665 sit
2113 2625 2219 2677 quod
2246 2626 2286 2664 in

312 2702 391 2740 ista
411 2701 588 2757 oratione
609 2699 857 2738 verissimam
878 2712 1038 2736 manum
1059 2697 1283 2736 Tullianam
1305 2711 1520 2747 agnoscere
1540 2697 1758 2736 videamur.

510 2771 623 2811 Haec
644 2770 889 2823 aliquamdiu
908 2783 1013 2809 nova
1033 2783 1120 2809 esse
1141 2775 1180 2809 et
1200 2783 1223 2808 a
1243 2770 1358 2809 nobis
1379 2770 1519 2821 primis
1540 2763 1703 2809 inventa
1723 2771 1978 2821 putabamus,
2008 2769 2102 2807 dum
2127 2774 2286 2808 nostrae

314 2844 456 2884 aetatis
477 2843 673 2883 editiones
694 2842 924 2893 evolvimus,
953 2855 1051 2894 quas
1074 2841 1185 2881 stulti
1211 2841 1504 2881 credideramus
1525 2842 1640 2880 utilia
1660 2841 1820 2894 quidem
1842 2855 2020 2893 quaeque
2042 2855 2090 2879 ex
2112 2841 2286 2892 superio-

312 2931 400 2955 rum
429 2916 542 2954 libris
569 2915 827 2967 excerpsisse.
874 2912 953 2952 Sed
980 2927 1069 2952 cum
1101 2914 1147 2953 F.
1169 2915 1219 2953 A.
1241 2912 1378 2952 Wolfii
1406 2914 1597 2964 libellum,
1631 2915 1743 2952 cuius
1773 2927 1904 2952 raram
1932 2914 2118 2951 virtutem
2145 2919 2184 2951 et
2209 2913 2285 2951 ele-

313 2988 490 3039 gantiam
516 2986 702 3026 admirari
735 2986 924 3037 solemus,
959 2985 1006 3024 de
1038 2985 1100 3025 his
1131 2999 1288 3037 quoque
1321 2985 1452 3024 verbis
1482 2985 1790 3036 consuleremus,
1829 2984 1927 3023 haec
1954 2984 2090 3023 eadem
2119 2983 2283 3023 totidem
