2634 3457
1298 71 1324 111 ὃ

324 180 502 220 ordinem
524 185 712 233 cogamus
732 181 977 233 scriptorem,
1005 180 1075 221 sed
1096 187 1138 221 ut
1162 181 1432 233 intelligamus
1454 196 1530 234 quo
1551 181 1711 222 nomine
1731 183 1795 223 vel
1815 197 1893 236 qua
1917 189 2029 236 parte
2055 197 2078 223 a
2098 183 2294 223 severiore

324 251 525 304 cogitandi
550 252 789 306 loquendive
815 252 977 300 ratione·
994 252 1211 293 deflexerit.
1256 251 1411 302 Quodsi
1438 253 1526 306 quis
1553 253 1651 293 haec
1677 255 1890 294 attenderit
1915 255 2189 294 accuratiusve
2209 268 2294 308 per-

324 324 497 376 spexerit
523 337 622 377 quae
651 316 747 362 dicit
773 324 814 361 in
840 324 1018 362 oratione
1045 324 1092 362 de
1117 325 1281 377 imperio
1309 324 1382 364 Cn.
1404 325 1584 377 Pompeii
1609 328 1643 376 7,
1669 327 1718 364 19
1750 327 1786 364 A
1807 340 1882 378 quo
1897 328 2078 379 periculo
2096 328 2296 379 prohibete

322 409 403 434 rem
429 396 629 447 publicam
657 403 692 434 et
719 396 834 434 mihi
861 397 1050 445 credite,
1087 397 1136 435 id
1170 398 1292 447 quod
1327 399 1423 448 ipsi
1454 398 1643 446 videtis,
1674 398 1766 436 haec
1789 400 1891 448 fides
1927 407 2043 450 atque
2071 399 2165 437 haec
2191 401 2294 437 ratio

322 470 590 519 pecuniarum,
623 481 723 519 quae
743 468 891 506 Romae
915 476 1104 517 versatur,
1131 469 1334 520 implicata
1354 477 1409 508 est
1432 484 1518 508 cum
1537 469 1618 508 illie
1634 472 1812 522 pecuniis
1831 471 2034 519 Asiaticis,
2066 478 2134 510 aut
2159 470 2229 510 illa
2253 470 2296 510 in

324 539 543 580 Planciana
568 540 631 590 36,
659 539 711 579 89
741 540 783 578 id
808 540 850 578 in
879 553 937 578 me
963 539 1226 592 reprehendie,
1261 541 1365 593 quod
1392 538 1438 590 Q.
1460 540 1616 580 Metello
1643 541 1755 580 laudi
1781 542 1913 581 datum
1939 549 1994 582 eet
2021 573 2028 582 .
2058 572 2066 581 .
2095 556 2220 595 quem,
2250 550 2297 582 ιιι

317 620 450 665 potes
475 626 526 651 ex
548 612 707 651 multis
733 613 915 662 audire,
949 614 1019 664 qui
1041 621 1122 651 tum
1146 613 1369 664 adfuerunt,
1397 620 1577 652 constat
1599 614 1842 652 invitiseinzie
1869 616 1964 653 viris
1990 614 2100 654 bonis
2126 616 2294 664 cessisse,

324 686 363 724 in
385 686 530 737 quibus
550 685 647 723 item
666 699 805 736 parum
831 685 952 736 polite
974 685 1235 735 cumulantur,
1263 699 1429 737 quorum
1450 685 1617 724 alterum
1639 691 1769 724 utrum
1796 686 1891 725 satis
1918 692 2012 736 erat,
2042 685 2293 725 similitudini

324 755 399 795 hoc
425 755 599 795 dandum
626 769 712 795 esse
739 755 942 807 fatebitur,
971 761 1014 795 ut
1039 770 1089 795 ne
1116 756 1292 795 severius
1324 756 1543 795 iudicemus
1571 762 1638 794 aut
1663 756 1732 794 illa
1758 756 1805 794 de
1831 757 1976 796 finibus
2007 758 2125 796 verba
2157 764 2225 795 aut
2250 771 2297 795 ea

324 842 347 866 a
372 828 515 879 quibus
546 828 678 866 exorsi
707 827 804 866 haec
826 828 1136 878 disputavimus.
1182 827 1283 867 Sunt
1311 834 1443 867 autem
1471 829 1590 867 etiam
1620 829 1709 878 alia,
1740 829 1781 867 in
1811 830 1955 879 quibus
1986 830 2296 881 comparabilem

324 899 633 938 inconstantiam
660 898 722 937 vel
748 899 879 937 minus
906 898 1090 938 concluse
1116 899 1335 938 orationem
1362 905 1552 939 structam
1579 912 1819 950 cognoscere
1845 899 1980 939 liceat:
2019 900 2087 939 sed
2117 914 2164 940 ea
2191 913 2297 940 nunc

326 971 511 1024 persequi
541 970 737 1011 nolumus.

524 1043 587 1082 Ad
616 1042 860 1082 Academica
883 1043 1069 1093 redimus,
1097 1044 1139 1082 in
1165 1044 1309 1095 quibus
1337 1056 1425 1082 cum
1445 1055 1459 1082 1
1477 1044 1516 1093 4,
1546 1045 1595 1082 13
1622 1043 1720 1082 haec
1746 1044 1895 1095 scripta
1920 1051 2054 1083 essent

654 1115 840 1154 Antiochi
857 1117 1041 1167 maqister
1060 1115 1191 1164 Philo,
1222 1129 1389 1167 maqnus
1405 1117 1480 1164 vir,
1511 1123 1552 1153 ιιι
1572 1122 1612 1153 ιιι
1633 1117 1830 1153 exietimae
1848 1117 1945 1167 ipse,
1973 1122 2088 1168 πέρναι
2106 1117 2149 1154 in
2170 1115 2295 1164 libris,

655 1188 760 1239 quod
785 1201 916 1226 coram
943 1189 1058 1226 etiam
1084 1201 1130 1226 ex
1153 1189 1239 1239 ipeo
1265 1186 1537 1236 audiebamue,
1565 1188 1663 1225 duas
1689 1187 1923 1225 Academias
1953 1200 2031 1226 esee
2055 1201 2298 1239 erroremque

654 1272 785 1297 eorum
818 1260 889 1310 qui
916 1260 973 1297 ita
998 1266 1190 1310 putarunt
1217 1260 1404 1311 coaryuit.
1454 1259 1539 1307 Ε8ι,
1568 1261 1711 1310 inquit,
1742 1267 1784 1297 ut
1812 1260 1930 1306 dici83
1958 1260 2026 1299 sed
2052 1262 2237 1312 iqnorare
2265 1268 2299 1299 te

653 1344 731 1369 non
756 1330 928 1369 arbitror
953 1344 1052 1382 quae
1078 1338 1240 1370 contra
1265 1331 1486 1370 Philonis
1512 1330 1726 1370 Antiochus
1751 1332 1953 1383 scripserit

324 1401 538 1441 Muellerus
566 1416 614 1441 ne
640 1402 728 1454 quis
757 1403 946 1441 titubaret
972 1403 1013 1441 in
1039 1403 1101 1454 1115
1134 1417 1234 1454 quae
1267 1410 1359 1442 sunt
1390 1411 1524 1442 contra
1555 1403 1755 1451 Philonis,
1788 1417 1886 1455 quos
1916 1403 1957 1442 in
1989 1403 2142 1443 deliciis
2177 1403 2298 1442 habet

325 1486 446 1512 uncos
467 1474 618 1512 nomini
649 1474 824 1512 incertae
850 1474 1013 1524 originis
1041 1473 1325 1525 significandae
1352 1487 1471 1513 causa
1497 1475 1691 1526 apposuit,
1724 1488 1963 1526 quamquam
1989 1474 2093 1513 idem
2119 1475 2160 1513 in
2188 1488 2297 1526 prae-

324 1545 471 1583 fatione
499 1545 548 1584 ad
575 1545 612 1585 h.
633 1545 658 1584 l.
681 1546 899 1596 profitetur,
927 1560 969 1585 se
996 1560 1074 1585 non
1101 1546 1409 1585 intercessurum
1437 1547 1471 1585 si
1496 1547 1584 1598 quis
1605 1553 1672 1585 aut
1698 1554 1833 1585 contra
1858 1546 2048 1585 Philonia
2072 1546 2185 1585 malit
2204 1560 2296 1586 cum

324 1616 527 1667 Madvigio
554 1623 621 1655 aut
646 1617 781 1656 addita
807 1631 902 1656 voce
928 1616 978 1656 ad
1004 1618 1306 1657 sustentandum
1334 1619 1559 1669 genetivum
1587 1626 1719 1658 contra
1746 1619 1927 1658 Philonis
1954 1618 2219 1668 (sententiam)
2248 1618 2295 1658 de

324 1688 476 1727 Halmii
503 1689 688 1740 opinione
713 1689 932 1728 restituere.
977 1689 1039 1728 Ex
1066 1689 1128 1729 his
1150 1690 1255 1742 quod
1277 1690 1438 1729 Halmio
1464 1690 1614 1742 placuit
1648 1690 1811 1729 liberius
1843 1696 1904 1729 est
1929 1704 2049 1742 quam
2074 1690 2180 1742 quod
2207 1704 2295 1742 pro-

324 1760 439 1799 betur
446 1777 459 1809 ,-
480 1760 733 1799 verisimilius
755 1761 922 1799 alterum
944 1768 1079 1800 contra
1097 1761 1302 1810 Philonia,
1323 1760 1426 1813 quod
1448 1775 1521 1800 usu
1541 1760 1767 1810 adiuvatur3
1790 1761 1846 1799 sic
1868 1762 1973 1799 enim
1995 1759 2137 1799 Cicero
2159 1762 2298 1800 scribit

324 1831 450 1871 Acad.
473 1844 503 1871 11
523 1832 587 1882 31,
605 1832 668 1873 98.
684 1832 878 1884 eatplicata
898 1840 975 1871 tota
997 1832 1211 1871 Carneadis
1231 1834 1418 1871 sententia
1438 1833 1651 1871 Antiochea
1675 1834 1750 1870 ista
1773 1840 1951 1870 corruent
1968 1834 2171 1879 univer3a3
2199 1833 2295 1871 ibid.

323 1915 353 1942 11
380 1904 448 1954 36,
479 1904 557 1942 115
587 1906 657 1955 qni
678 1906 755 1942 ieta
779 1904 994 1943 Antiochea
1023 1906 1247 1951 contemnit,·
1278 1904 1326 1943 de
1346 1905 1413 1943 fin.
1441 1917 1456 1943 1
1483 1906 1524 1954 6,
1557 1905 1602 1943 17
1634 1912 1733 1952 ιοιιι8
1762 1912 1816 1942 eet
1844 1905 2013 1943 alienus:
2049 1904 2298 1943 Democritea

324 1977 430 2024 dicit,
459 1990 660 2028 perpauca
688 1984 860 2023 mutan83
890 1976 985 2016 ibid.
1013 1989 1040 2016 v
1067 1977 1136 2027 28,
1164 1976 1218 2016 84
1252 1977 1410 2016 honesta
1440 1978 1579 2026 oratio,
1612 1975 1834 2022 Socratica,
1865 1976 2047 2015 Platoni8
2078 1977 2193 2015 etiam
2203 1991 2215 2022 ,-
2252 1989 2298 2015 ac

324 2054 461 2088 notum
482 2054 543 2088 est
567 2049 609 2088 in
638 2049 756 2088 simili
788 2062 931 2100 genere
962 2062 1079 2102 saepe
1107 2049 1233 2088 solere
1262 2049 1458 2088 adiectiva
1485 2063 1555 2101 pro
1585 2048 1779 2100 genetivis
1800 2049 2003 2087 nominum
2033 2048 2138 2100 poni.
2186 2047 2297 2087 Nihil

324 2128 467 2171 autem,
496 2122 714 2173 opinamur,
746 2122 944 2161 incautius
973 2128 1057 2161 erat
1082 2128 1149 2161 aut
1169 2122 1443 2172 inconsultius,
1478 2135 1594 2173 quam
1621 2121 1804 2160 Philonis
1831 2120 1961 2159 delere
1989 2120 2101 2171 velle,
2131 2120 2235 2172 quod
2263 2121 2295 2159 si

325 2193 514 2245 scriptum
535 2207 616 2232 non
637 2200 720 2232 erat
740 2208 763 2232 a
784 2192 988 2243 Cicerone,
1013 2207 1081 2232 cur
1101 2193 1313 2232 adderetur
1333 2208 1452 2232 causa
1471 2183 1580 2232 nulla
1601 2199 1695 2232 erat.
1738 2193 1874 2244 Ipsum
1896 2192 2000 2244 quod
2027 2192 2213 2231 traditum
2236 2198 2296 2231 est

323 2272 458 2304 contra
482 2265 664 2304 Philonis
691 2265 887 2317 pendente
913 2265 1097 2316 genetivo
1119 2279 1235 2317 posse
1263 2279 1398 2305 verum
1419 2279 1517 2316 esse,
1539 2264 1775 2304 Muellerum
1798 2264 2057 2315 intelligimus
2084 2277 2161 2302 non
2183 2277 2295 2315 repu-

324 2343 447 2388 tasse3
468 2344 507 2376 et
523 2344 654 2376 tamen
673 2337 776 2376 hunc
792 2337 978 2389 loquendi
995 2336 1155 2376 modum
1172 2336 1398 2387 Madvigius
1415 2337 1493 2375 iam
1515 2350 1548 2374 a.
1570 2336 1674 2374 1876
1697 2342 1735 2373 et
1756 2341 1846 2373 ante
1863 2334 2108 2385 Madvigium
2128 2334 2159 2373 Ι.
2179 2332 2224 2373 C.
2243 2333 2293 2373 G.

323 2408 473 2448 Bootus
502 2424 536 2448 a.
566 2409 671 2448 1865
700 2409 891 2460 exemplis
921 2409 1038 2447 certis
1067 2408 1293 2460 probarant.
1335 2407 1513 2456 Quorum
1542 2407 1606 2446 hic
1634 2408 1674 2445 in
1704 2405 1883 2458 epistolis
1913 2405 1962 2444 ad
1991 2406 2170 2444 Atticum
2199 2419 2222 2443 a
2252 2419 2294 2444 se

324 2480 440 2520 editis
470 2481 519 2520 ad
544 2493 605 2521 ΧΠ
631 2482 695 2531 23,
724 2481 749 2519 2
779 2494 877 2533 quae
903 2488 936 2519 te
961 2481 1149 2536 etiamen
1169 2479 1409 2532 Apollodori
1433 2487 1528 2531 puto
1552 2492 1668 2531 poeee
1694 2480 1868 2516 invenire
1894 2486 1932 2516 et
1956 2477 2123 2515 alterum
2153 2491 2200 2515 ex
2231 2477 2293 2516 his

324 2553 502 2604 epistolis
530 2552 753 2605 exemplum
773 2564 847 2592 xm
873 2552 937 2602 32,
961 2553 984 2591 3
1011 2565 1096 2590 eum
1121 2552 1231 2590 video
1253 2553 1295 2590 in
1315 2551 1479 2590 Libonis
1495 2558 1728 2603 praetorem,
1759 2557 1797 2587 et
1823 2549 1898 2588 hoc
1917 2555 2097 2588 nostrum
2119 2548 2167 2587 de
2188 2549 2293 2587 Aca-

324 2624 487 2664 demicis
520 2624 750 2677 adscripsit3
788 2624 1015 2675 Madvigius
1052 2630 1184 2662 autem
1220 2623 1334 2662 libris
1367 2622 1414 2661 de
1445 2622 1591 2660 finibus
1630 2621 1788 2660 tertium
1827 2620 1944 2659 editis
1980 2620 2185 2672 complura
2215 2620 2295 2658 alia

324 2702 478 2746 praeter
502 2696 572 2735 illa
598 2697 673 2735 tria
699 2696 870 2747 collegit,
898 2709 986 2734 cum
1012 2694 1062 2734 ad
1089 2695 1185 2733 haec
1211 2694 1258 2732 de
1284 2695 1351 2733 fin.
1377 2706 1420 2733 1v
1446 2693 1509 2743 25,
1538 2694 1590 2732 69
1619 2706 1665 2731 ex
1690 2693 1748 2731 hie
1774 2693 1966 2744 anqustiis
1991 2693 2068 2731 ieta
2092 2700 2297 2731 evaserunt

322 2767 514 2806 deteriora
535 2781 652 2819 quam
672 2769 889 2816 Aristonis,
917 2766 955 2807 h.
978 2781 1010 2807 e.
1038 2771 1080 2806 ut
1105 2766 1385 2818 interpretatur
1410 2765 1432 2815 ἢ
1457 2763 1503 2803 τοὶ
1525 2765 1592 2804 τοῦ
1613 2761 1862 2814 Ἀρίστωνος,
1889 2764 2046 2803 afferret
2072 2763 2232 2803 Tuscul.
2253 2775 2294 2802 v.

324 2839 386 2890 36,
418 2840 495 2878 105
524 2841 627 2879 malo
653 2843 755 2879 enim
782 2840 1022 2880 Graecorum
1047 2852 1165 2891 qua-m
1190 2846 1324 2877 nostra
1344 2838 1546 2890 proferre5
1575 2836 1623 2875 de
1651 2836 1772 2875 divin.
1795 2848 1808 2875 1
1834 2836 1898 2885 26,
1928 2837 1980 2875 55
2011 2837 2079 2874 sed
2105 2838 2201 2888 quid
2226 2851 2295 2888 eqo

326 2911 588 2951 Graecorum?
616 2914 743 2951 nescio
776 2926 851 2963 quo
883 2913 996 2950 modo
1027 2926 1086 2950 me
1114 2913 1240 2962 ‘maqie
1270 2918 1404 2950 nostra
1435 2910 1643 2957 delectant,·
1678 2916 1857 2948 nostrum
1890 2908 1988 2947 illud
2021 2908 2069 2948 de
2102 2908 2295 2949 Academ.

323 2991 458 3022 contra
486 2983 684 3031 Philonis,
715 2984 821 3035 quod
851 2983 986 3023 durius
1016 2997 1120 3034 esse,
1152 2996 1226 3023 nec
1255 2988 1387 3022 tamen
1416 2988 1520 3022 recte
1550 2981 1774 3022 addubitari
1805 2981 1962 3031 scribit3
1996 2987 2080 3021 tum
2109 2981 2150 3020 in
2180 2981 2293 3020 libris
