<?xml version="1.0" encoding="UTF-8"?>
<!DOCTYPE html PUBLIC "-//W3C//DTD XHTML 1.0 Transitional//EN"
    "http://www.w3.org/TR/xhtml1/DTD/xhtml1-transitional.dtd">
<html xmlns="http://www.w3.org/1999/xhtml" xml:lang="en" lang="en">
 <head>
  <title>
</title>
<meta http-equiv="Content-Type" content="text/html;charset=utf-8" />
  <meta name='ocr-system' content='tesseract 3.04.00' />
  <meta name='ocr-capabilities' content='ocr_page ocr_carea ocr_par ocr_line ocrx_word'/>
</head>
<body>
  <div class='ocr_page' id='page_1' title='image "4769574_0037.png"; bbox 0 0 2634 3457; ppageno 0'>
   <div class='ocr_carea' id='block_1_1' title="bbox 1272 123 1328 163">
    <p class='ocr_par' dir='ltr' id='par_1_1' title="bbox 1272 123 1328 163">
     <span class='ocr_line' id='line_1_1' title="bbox 1272 123 1328 163; baseline 0 0"><span class='ocrx_word' id='word_1_1' title='bbox 1272 123 1328 163; x_wconf 85' lang='lat'><em>20</em></span> 
     </span>
    </p>
   </div>
   <div class='ocr_carea' id='block_1_2' title="bbox 300 232 2296 3083">
    <p class='ocr_par' dir='ltr' id='par_1_2' title="bbox 303 232 2290 1146">
     <span class='ocr_line' id='line_1_2' title="bbox 305 232 2289 286; baseline -0.001 -13"><span class='ocrx_word' id='word_1_2' title='bbox 305 235 429 273; x_wconf 87' lang='lat' dir='ltr'><em>missa</em></span> <span class='ocrx_word' id='word_1_3' title='bbox 450 240 575 274; x_wconf 86' lang='lat' dir='ltr'><em>erant.</em></span> <span class='ocrx_word' id='word_1_4' title='bbox 620 234 830 274; x_wconf 88' lang='lat' dir='ltr'><em>Postremo</em></span> <span class='ocrx_word' id='word_1_5' title='bbox 861 234 965 286; x_wconf 92' lang='lat' dir='ltr'><em>quod</em></span> <span class='ocrx_word' id='word_1_6' title='bbox 994 235 1050 274; x_wconf 86' lang='lat' dir='ltr'><em>ita</em></span> <span class='ocrx_word' id='word_1_7' title='bbox 1068 234 1242 285; x_wconf 84' lang='lat' dir='ltr'><em>loquitur</em></span> <span class='ocrx_word' id='word_1_8' title='bbox 1262 246 1366 272; x_wconf 72' lang='lat' dir='ltr'><em>mors</em></span> <span class='ocrx_word' id='word_1_9' title='bbox 1386 232 1466 271; x_wconf 89' lang='lat' dir='ltr'><em>ubi</em></span> <span class='ocrx_word' id='word_1_10' title='bbox 1485 240 1539 271; x_wconf 71' lang='lat' dir='ltr'><em>eet</em></span> <span class='ocrx_word' id='word_1_11' title='bbox 1556 232 1728 272; x_wconf 80' lang='lat' dir='ltr'><strong><em>ibidem</em></strong></span> <span class='ocrx_word' id='word_1_12' title='bbox 1748 240 1801 272; x_wconf 83' lang='lat' dir='ltr'><em>eet</em></span> <span class='ocrx_word' id='word_1_13' title='bbox 1819 246 1858 271; x_wconf 86' lang='lat' dir='ltr'><em>n.</em></span> <span class='ocrx_word' id='word_1_14' title='bbox 1875 246 1905 272; x_wconf 86' lang='lat'><em>8.</em></span> <span class='ocrx_word' id='word_1_15' title='bbox 1926 233 2223 285; x_wconf 79' lang='lat' dir='ltr'><em>receptaculum,</em></span> <span class='ocrx_word' id='word_1_16' title='bbox 2246 240 2289 271; x_wconf 88' lang='lat' dir='ltr'><em>ut</em></span> 
     </span>
     <span class='ocr_line' id='line_1_3' title="bbox 307 303 2287 359; baseline -0.002 -14"><span class='ocrx_word' id='word_1_17' title='bbox 307 306 527 346; x_wconf 87' lang='lat' dir='ltr'><em>sententiae</em></span> <span class='ocrx_word' id='word_1_18' title='bbox 559 306 737 359; x_wconf 86' lang='lat' dir='ltr'><em>apprime</em></span> <span class='ocrx_word' id='word_1_19' title='bbox 760 306 1002 346; x_wconf 89' lang='lat' dir='ltr'><em>conveniens</em></span> <span class='ocrx_word' id='word_1_20' title='bbox 1025 311 1095 356; x_wconf 88' lang='lat' dir='ltr'><em>est,</em></span> <span class='ocrx_word' id='word_1_21' title='bbox 1128 305 1184 343; x_wconf 84' lang='lat' dir='ltr'><em>ita</em></span> <span class='ocrx_word' id='word_1_22' title='bbox 1210 318 1281 343; x_wconf 88' lang='lat' dir='ltr'><em>usu</em></span> <span class='ocrx_word' id='word_1_23' title='bbox 1303 303 1463 343; x_wconf 90' lang='lat' dir='ltr'><em>dicendi</em></span> <span class='ocrx_word' id='word_1_24' title='bbox 1484 303 1668 342; x_wconf 84' lang='lat' dir='ltr'><em>Tulliano</em></span> <span class='ocrx_word' id='word_1_25' title='bbox 1691 304 1848 355; x_wconf 84' lang='lat' dir='ltr'>egregie</span> <span class='ocrx_word' id='word_1_26' title='bbox 1869 304 2138 343; x_wconf 81' lang='lat' dir='ltr'><em>confirmatur.</em></span> <span class='ocrx_word' id='word_1_27' title='bbox 2183 304 2287 342; x_wconf 89' lang='lat' dir='ltr'><em>Nam</em></span> 
     </span>
     <span class='ocr_line' id='line_1_4' title="bbox 304 373 2285 430; baseline -0.001 -13"><span class='ocrx_word' id='word_1_28' title='bbox 304 385 346 417; x_wconf 91' lang='lat' dir='ltr'><em>ut</em></span> <span class='ocrx_word' id='word_1_29' title='bbox 366 379 531 419; x_wconf 87' lang='lat' dir='ltr'><em>Plautus</em></span> <span class='ocrx_word' id='word_1_30' title='bbox 553 379 651 418; x_wconf 83' lang='lat' dir='ltr'><em>dicit</em></span> <span class='ocrx_word' id='word_1_31' title='bbox 671 379 850 427; x_wconf 80' lang='lat' dir='ltr'><em>(Trucul.</em></span> <span class='ocrx_word' id='word_1_32' title='bbox 872 391 916 419; x_wconf 90' lang='lat' dir='ltr'><em>1v</em></span> <span class='ocrx_word' id='word_1_33' title='bbox 936 380 973 429; x_wconf 89' lang='lat'><em>4,</em></span> <span class='ocrx_word' id='word_1_34' title='bbox 998 380 1048 418; x_wconf 85' lang='lat'><em>32</em></span> <span class='ocrx_word' id='word_1_35' title='bbox 1080 378 1127 417; x_wconf 84' lang='lat' dir='ltr'><em>cs.</em></span> <span class='ocrx_word' id='word_1_36' title='bbox 1150 376 1385 425; x_wconf 83' lang='lat' dir='ltr'>Quintilian.</span> <span class='ocrx_word' id='word_1_37' title='bbox 1407 389 1434 416; x_wconf 90' lang='lat' dir='ltr'>v</span> <span class='ocrx_word' id='word_1_38' title='bbox 1459 378 1522 426; x_wconf 92' lang='lat'><em>11,</em></span> <span class='ocrx_word' id='word_1_39' title='bbox 1542 373 1614 426; x_wconf 90' lang='lat'><em>41)</em></span> <span class='ocrx_word' id='word_1_40' title='bbox 1635 376 1704 415; x_wconf 88' lang='lat' dir='ltr'><em>ubi</em></span> <span class='ocrx_word' id='word_1_41' title='bbox 1722 377 1850 427; x_wconf 86' lang='lat' dir='ltr'><em>amici,</em></span> <span class='ocrx_word' id='word_1_42' title='bbox 1872 376 2017 415; x_wconf 83' lang='lat' dir='ltr'><em>ibidem</em></span> <span class='ocrx_word' id='word_1_43' title='bbox 2036 375 2159 427; x_wconf 70' lang='lat' dir='ltr'><em>(sunt)</em></span> <span class='ocrx_word' id='word_1_44' title='bbox 2181 391 2285 430; x_wconf 72' lang='lat' dir='ltr'><em>opes,</em></span> 
     </span>
     <span class='ocr_line' id='line_1_5' title="bbox 304 448 2286 504; baseline -0.001 -14"><span class='ocrx_word' id='word_1_45' title='bbox 304 453 361 491; x_wconf 88' lang='lat' dir='ltr'><em>ita</em></span> <span class='ocrx_word' id='word_1_46' title='bbox 390 466 509 504; x_wconf 82' lang='lat' dir='ltr'>saepe</span> <span class='ocrx_word' id='word_1_47' title='bbox 541 453 682 491; x_wconf 88' lang='lat' dir='ltr'><em>scribit</em></span> <span class='ocrx_word' id='word_1_48' title='bbox 712 451 872 502; x_wconf 84' lang='lat' dir='ltr'><em>Cicero3</em></span> <span class='ocrx_word' id='word_1_49' title='bbox 905 453 952 490; x_wconf 91' lang='lat' dir='ltr'><em>de</em></span> <span class='ocrx_word' id='word_1_50' title='bbox 983 466 1029 490; x_wconf 64' lang='lat' dir='ltr'><em>re&gt;</em></span> <span class='ocrx_word' id='word_1_51' title='bbox 1054 451 1213 503; x_wconf 84' lang='lat' dir='ltr'><em>publica</em></span> <span class='ocrx_word' id='word_1_52' title='bbox 1242 463 1287 490; x_wconf 90' lang='lat'><em>111</em></span> <span class='ocrx_word' id='word_1_53' title='bbox 1307 450 1371 497; x_wconf 87' lang='lat'><em>31,</em></span> <span class='ocrx_word' id='word_1_54' title='bbox 1394 450 1447 489; x_wconf 89' lang='lat'><em>43</em></span> <span class='ocrx_word' id='word_1_55' title='bbox 1477 463 1566 501; x_wconf 73' lang='lat' dir='ltr'><em>erqo</em></span> <span class='ocrx_word' id='word_1_56' title='bbox 1597 448 1666 488; x_wconf 90' lang='lat' dir='ltr'><em>ubi</em></span> <span class='ocrx_word' id='word_1_57' title='bbox 1693 457 1881 502; x_wconf 71' lang='lat' dir='ltr'><em>tyrannus</em></span> <span class='ocrx_word' id='word_1_58' title='bbox 1912 457 1977 497; x_wconf 72' lang='lat' dir='ltr'><em>eet,</em></span> <span class='ocrx_word' id='word_1_59' title='bbox 1999 449 2058 488; x_wconf 87' lang='lat' dir='ltr'><em>ibi</em></span> <span class='ocrx_word' id='word_1_60' title='bbox 2074 463 2154 488; x_wconf 83' lang='lat' dir='ltr'><em>non</em></span> <span class='ocrx_word' id='word_1_61' title='bbox 2172 450 2286 489; x_wconf 88' lang='lat' dir='ltr'><em>vitio-</em></span> 
     </span>
     <span class='ocr_line' id='line_1_6' title="bbox 304 519 2288 576; baseline -0.002 -13"><span class='ocrx_word' id='word_1_62' title='bbox 304 538 390 563; x_wconf 68' lang='lat' dir='ltr'><em>sam</em></span> <span class='ocrx_word' id='word_1_63' title='bbox 418 525 487 564; x_wconf 70' lang='lat' dir='ltr'><em>sed</em></span> <span class='ocrx_word' id='word_1_64' title='bbox 516 524 722 564; x_wconf 83' lang='lat' dir='ltr'><em>dicendum</em></span> <span class='ocrx_word' id='word_1_65' title='bbox 752 532 806 564; x_wconf 73' lang='lat' dir='ltr'><em>est</em></span> <span class='ocrx_word' id='word_1_66' title='bbox 832 524 951 576; x_wconf 85' lang='lat' dir='ltr'><em>plane</em></span> <span class='ocrx_word' id='word_1_67' title='bbox 980 523 1129 562; x_wconf 87' lang='lat' dir='ltr'><em>nullam</em></span> <span class='ocrx_word' id='word_1_68' title='bbox 1159 536 1238 562; x_wconf 77' lang='lat' dir='ltr'><em>esse</em></span> <span class='ocrx_word' id='word_1_69' title='bbox 1266 536 1347 561; x_wconf 88' lang='lat' dir='ltr'><em>rem</em></span> <span class='ocrx_word' id='word_1_70' title='bbox 1370 520 1594 575; x_wconf 74' lang='lat' dir='ltr'><em>publiccim3</em></span> <span class='ocrx_word' id='word_1_71' title='bbox 1626 519 1673 559; x_wconf 87' lang='lat' dir='ltr'><em>de</em></span> <span class='ocrx_word' id='word_1_72' title='bbox 1703 521 1770 560; x_wconf 92' lang='lat' dir='ltr'><em>fin.</em></span> <span class='ocrx_word' id='word_1_73' title='bbox 1791 533 1818 560; x_wconf 92' lang='lat' dir='ltr'>v</span> <span class='ocrx_word' id='word_1_74' title='bbox 1838 520 1891 560; x_wconf 81' lang='lat'><em>32</em></span> <span class='ocrx_word' id='word_1_75' title='bbox 1913 520 1966 561; x_wconf 82' lang='lat'><em>95</em></span> <span class='ocrx_word' id='word_1_76' title='bbox 1995 528 2048 566; x_wconf 83' lang='lat' dir='ltr'><em>ut,</em></span> <span class='ocrx_word' id='word_1_77' title='bbox 2077 520 2147 559; x_wconf 88' lang='lat' dir='ltr'><em>ubi</em></span> <span class='ocrx_word' id='word_1_78' title='bbox 2163 522 2288 559; x_wconf 74' lang='lat' dir='ltr'><em>virtus</em></span> 
     </span>
     <span class='ocr_line' id='line_1_7' title="bbox 305 593 2290 646; baseline -0.002 -11"><span class='ocrx_word' id='word_1_79' title='bbox 305 598 369 646; x_wconf 74' lang='lat' dir='ltr'><em>sit,</em></span> <span class='ocrx_word' id='word_1_80' title='bbox 400 595 458 635; x_wconf 88' lang='lat' dir='ltr'><em>ibi</em></span> <span class='ocrx_word' id='word_1_81' title='bbox 485 610 564 635; x_wconf 69' lang='lat' dir='ltr'><em>esse</em></span> <span class='ocrx_word' id='word_1_82' title='bbox 593 597 751 635; x_wconf 75' lang='lat' dir='ltr'><em>miseria</em></span> <span class='ocrx_word' id='word_1_83' title='bbox 781 603 817 634; x_wconf 88' lang='lat' dir='ltr'><em>et</em></span> <span class='ocrx_word' id='word_1_84' title='bbox 844 609 1031 633; x_wconf 76' lang='lat' dir='ltr'><em>aerumna</em></span> <span class='ocrx_word' id='word_1_85' title='bbox 1060 609 1139 633; x_wconf 89' lang='lat' dir='ltr'><em>non</em></span> <span class='ocrx_word' id='word_1_86' title='bbox 1168 596 1310 646; x_wconf 57' lang='lat' dir='ltr'><em>possim</em></span> <span class='ocrx_word' id='word_1_87' title='bbox 1339 594 1379 632; x_wconf 93' lang='lat' dir='ltr'><em>in</em></span> <span class='ocrx_word' id='word_1_88' title='bbox 1400 593 1535 632; x_wconf 89' lang='lat' dir='ltr'><em>Pison.</em></span> <span class='ocrx_word' id='word_1_89' title='bbox 1558 594 1622 642; x_wconf 81' lang='lat'><em>26,</em></span> <span class='ocrx_word' id='word_1_90' title='bbox 1646 594 1697 631; x_wconf 77' lang='lat'><em>62</em></span> <span class='ocrx_word' id='word_1_91' title='bbox 1718 601 1762 631; x_wconf 84' lang='lat' dir='ltr'><em>ut</em></span> <span class='ocrx_word' id='word_1_92' title='bbox 1790 593 1860 631; x_wconf 87' lang='lat' dir='ltr'><em>ubi</em></span> <span class='ocrx_word' id='word_1_93' title='bbox 1877 594 1997 632; x_wconf 72' lang='lat' dir='ltr'><em>hostis</em></span> <span class='ocrx_word' id='word_1_94' title='bbox 2017 607 2095 631; x_wconf 86' lang='lat' dir='ltr'><em>non</em></span> <span class='ocrx_word' id='word_1_95' title='bbox 2116 600 2209 641; x_wconf 87' lang='lat' dir='ltr'><em>erat,</em></span> <span class='ocrx_word' id='word_1_96' title='bbox 2230 593 2290 631; x_wconf 88' lang='lat' dir='ltr'><em>ibi</em></span> 
     </span>
     <span class='ocr_line' id='line_1_8' title="bbox 307 655 2284 720; baseline -0.002 -14"><span class='ocrx_word' id='word_1_97' title='bbox 307 668 498 720; x_wconf 77' lang='lat' dir='ltr'><em>triumphi</em></span> <span class='ocrx_word' id='word_1_98' title='bbox 526 682 684 705; x_wconf 73' lang='lat' dir='ltr'><em>causam</em></span> <span class='ocrx_word' id='word_1_99' title='bbox 713 668 890 717; x_wconf 79' lang='lat' dir='ltr'><em>aliquam</em></span> <span class='ocrx_word' id='word_1_100' title='bbox 921 675 1142 716; x_wconf 76' lang='lat' dir='ltr'><em>quaereret3</em></span> <span class='ocrx_word' id='word_1_101' title='bbox 1172 680 1242 716; x_wconf 91' lang='lat' dir='ltr'><em>pro</em></span> <span class='ocrx_word' id='word_1_102' title='bbox 1262 666 1401 704; x_wconf 91' lang='lat' dir='ltr'><em>Milon.</em></span> <span class='ocrx_word' id='word_1_103' title='bbox 1425 666 1488 714; x_wconf 81' lang='lat'><em>37,</em></span> <span class='ocrx_word' id='word_1_104' title='bbox 1510 655 1587 704; x_wconf 59' lang='lat'><em>&#39;101</em></span> <span class='ocrx_word' id='word_1_105' title='bbox 1613 665 1773 703; x_wconf 67' lang='lat' dir='ltr'><em>exilium</em></span> <span class='ocrx_word' id='word_1_106' title='bbox 1802 665 1859 703; x_wconf 89' lang='lat' dir='ltr'><em>ibi</em></span> <span class='ocrx_word' id='word_1_107' title='bbox 1878 679 1957 704; x_wconf 67' lang='lat' dir='ltr'><em>ecee</em></span> <span class='ocrx_word' id='word_1_108' title='bbox 1974 673 2100 717; x_wconf 87' lang='lat' dir='ltr'><em>putat,</em></span> <span class='ocrx_word' id='word_1_109' title='bbox 2123 664 2193 703; x_wconf 89' lang='lat' dir='ltr'><em>ubi</em></span> <span class='ocrx_word' id='word_1_110' title='bbox 2209 666 2284 703; x_wconf 84' lang='lat' dir='ltr'><em>vir-</em></span> 
     </span>
     <span class='ocr_line' id='line_1_9' title="bbox 306 736 2287 789; baseline -0.002 -11"><span class='ocrx_word' id='word_1_111' title='bbox 306 742 381 778; x_wconf 88' lang='lat' dir='ltr'><em>tuti</em></span> <span class='ocrx_word' id='word_1_112' title='bbox 406 753 485 778; x_wconf 83' lang='lat' dir='ltr'><em>non</em></span> <span class='ocrx_word' id='word_1_113' title='bbox 514 740 564 777; x_wconf 71' lang='lat' dir='ltr'><em>sit</em></span> <span class='ocrx_word' id='word_1_114' title='bbox 594 739 717 783; x_wconf 76' lang='lat' dir='ltr'><em>locu83</em></span> <span class='ocrx_word' id='word_1_115' title='bbox 749 737 797 776; x_wconf 91' lang='lat' dir='ltr'><em>de</em></span> <span class='ocrx_word' id='word_1_116' title='bbox 827 737 913 787; x_wconf 86' lang='lat' dir='ltr'><em>lege</em></span> <span class='ocrx_word' id='word_1_117' title='bbox 943 748 1122 787; x_wconf 89' lang='lat' dir='ltr'><em>agrar.11</em></span> <span class='ocrx_word' id='word_1_118' title='bbox 1142 737 1207 786; x_wconf 84' lang='lat'><em>33,</em></span> <span class='ocrx_word' id='word_1_119' title='bbox 1231 737 1280 776; x_wconf 86' lang='lat'><em>91</em></span> <span class='ocrx_word' id='word_1_120' title='bbox 1305 736 1374 775; x_wconf 88' lang='lat' dir='ltr'><em>ubi</em></span> <span class='ocrx_word' id='word_1_121' title='bbox 1400 737 1520 776; x_wconf 74' lang='lat' dir='ltr'><em>honos</em></span> <span class='ocrx_word' id='word_1_122' title='bbox 1544 736 1699 789; x_wconf 82' lang='lat' dir='ltr'><em>publice</em></span> <span class='ocrx_word' id='word_1_123' title='bbox 1727 750 1806 775; x_wconf 86' lang='lat' dir='ltr'><em>non</em></span> <span class='ocrx_word' id='word_1_124' title='bbox 1836 743 1902 785; x_wconf 73' lang='lat' dir='ltr'><em>eet,</em></span> <span class='ocrx_word' id='word_1_125' title='bbox 1925 736 1984 775; x_wconf 91' lang='lat' dir='ltr'><em>ibi</em></span> <span class='ocrx_word' id='word_1_126' title='bbox 2008 736 2161 788; x_wconf 72' lang='lat' dir='ltr'><em>qloriae</em></span> <span class='ocrx_word' id='word_1_127' title='bbox 2181 737 2287 788; x_wconf 87' lang='lat' dir='ltr'><em>cupi-</em></span> 
     </span>
     <span class='ocr_line' id='line_1_10' title="bbox 305 806 2287 860; baseline -0.002 -11"><span class='ocrx_word' id='word_1_128' title='bbox 305 812 408 849; x_wconf 71' lang='lat' dir='ltr'><em>ditas</em></span> <span class='ocrx_word' id='word_1_129' title='bbox 436 824 515 849; x_wconf 66' lang='lat' dir='ltr'><em>esee</em></span> <span class='ocrx_word' id='word_1_130' title='bbox 543 823 619 848; x_wconf 89' lang='lat' dir='ltr'><em>non</em></span> <span class='ocrx_word' id='word_1_131' title='bbox 644 815 793 860; x_wconf 75' lang='lat' dir='ltr'><em>pote8t3</em></span> <span class='ocrx_word' id='word_1_132' title='bbox 821 808 1026 859; x_wconf 88' lang='lat' dir='ltr'><em>multaque</em></span> <span class='ocrx_word' id='word_1_133' title='bbox 1056 807 1145 857; x_wconf 85' lang='lat' dir='ltr'><em>alia,</em></span> <span class='ocrx_word' id='word_1_134' title='bbox 1178 821 1278 859; x_wconf 85' lang='lat' dir='ltr'><em>quae</em></span> <span class='ocrx_word' id='word_1_135' title='bbox 1309 807 1450 846; x_wconf 86' lang='lat' dir='ltr'><em>afferre</em></span> <span class='ocrx_word' id='word_1_136' title='bbox 1481 808 1642 859; x_wconf 83' lang='lat' dir='ltr'><em>longum</em></span> <span class='ocrx_word' id='word_1_137' title='bbox 1673 813 1744 847; x_wconf 90' lang='lat' dir='ltr'><em>est.</em></span> <span class='ocrx_word' id='word_1_138' title='bbox 1791 806 1872 847; x_wconf 88' lang='lat' dir='ltr'><em>Sed</em></span> <span class='ocrx_word' id='word_1_139' title='bbox 1893 807 2077 847; x_wconf 85' lang='lat' dir='ltr'><em>addimus</em></span> <span class='ocrx_word' id='word_1_140' title='bbox 2101 807 2148 846; x_wconf 91' lang='lat' dir='ltr'><em>de</em></span> <span class='ocrx_word' id='word_1_141' title='bbox 2171 807 2287 846; x_wconf 90' lang='lat' dir='ltr'><em>domo</em></span> 
     </span>
     <span class='ocr_line' id='line_1_11' title="bbox 303 878 2288 932; baseline -0.002 -11"><span class='ocrx_word' id='word_1_142' title='bbox 303 882 367 931; x_wconf 89' lang='grc'><em>46,</em></span> <span class='ocrx_word' id='word_1_143' title='bbox 394 881 468 920; x_wconf 83' lang='grc'><em>121</em></span> <span class='ocrx_word' id='word_1_144' title='bbox 491 880 551 919; x_wconf 87' lang='lat' dir='ltr'><em>ibi</em></span> <span class='ocrx_word' id='word_1_145' title='bbox 578 881 679 918; x_wconf 83' lang='lat' dir='ltr'><em>enim</em></span> <span class='ocrx_word' id='word_1_146' title='bbox 706 880 831 932; x_wconf 66' lang='lat' dir='ltr'><em>postis</em></span> <span class='ocrx_word' id='word_1_147' title='bbox 860 886 928 928; x_wconf 66' lang='lat' dir='ltr'><em>eet,</em></span> <span class='ocrx_word' id='word_1_148' title='bbox 959 879 1029 917; x_wconf 88' lang='lat' dir='ltr'><em>ubi</em></span> <span class='ocrx_word' id='word_1_149' title='bbox 1056 879 1192 931; x_wconf 87' lang='lat' dir='ltr'><em>templi</em></span> <span class='ocrx_word' id='word_1_150' title='bbox 1216 879 1347 917; x_wconf 70' lang='lat' dir='ltr'><em>aditus</em></span> <span class='ocrx_word' id='word_1_151' title='bbox 1368 887 1433 926; x_wconf 70' lang='lat' dir='ltr'><em>est,</em></span> <span class='ocrx_word' id='word_1_152' title='bbox 1457 893 1537 917; x_wconf 89' lang='lat' dir='ltr'><em>non</em></span> <span class='ocrx_word' id='word_1_153' title='bbox 1560 880 1639 918; x_wconf 90' lang='lat' dir='ltr'><em>alia</em></span> <span class='ocrx_word' id='word_1_154' title='bbox 1660 879 1707 918; x_wconf 86' lang='lat' dir='ltr'><em>de</em></span> <span class='ocrx_word' id='word_1_155' title='bbox 1730 893 1850 918; x_wconf 87' lang='lat' dir='ltr'><em>causa</em></span> <span class='ocrx_word' id='word_1_156' title='bbox 1870 893 1987 931; x_wconf 88' lang='lat' dir='ltr'><em>quam</em></span> <span class='ocrx_word' id='word_1_157' title='bbox 2010 893 2061 918; x_wconf 88' lang='lat' dir='ltr'><em>ne</em></span> <span class='ocrx_word' id='word_1_158' title='bbox 2082 879 2145 918; x_wconf 76' lang='lat' dir='ltr'><em>cu&#39;i</em></span> <span class='ocrx_word' id='word_1_159' title='bbox 2166 878 2288 918; x_wconf 86' lang='lat' dir='ltr'><em>offen-</em></span> 
     </span>
     <span class='ocr_line' id='line_1_12' title="bbox 303 949 2289 1003; baseline -0.001 -12"><span class='ocrx_word' id='word_1_160' title='bbox 303 952 408 991; x_wconf 87' lang='lat' dir='ltr'>sioni</span> <span class='ocrx_word' id='word_1_161' title='bbox 444 952 497 991; x_wconf 84' lang='lat' dir='ltr'><em>sit</em></span> <span class='ocrx_word' id='word_1_162' title='bbox 532 951 678 1003; x_wconf 85' lang='lat' dir='ltr'>duplex</span> <span class='ocrx_word' id='word_1_163' title='bbox 712 958 767 989; x_wconf 74' lang='lat' dir='ltr'><em>est</em></span> <span class='ocrx_word' id='word_1_164' title='bbox 803 951 842 988; x_wconf 91' lang='lat' dir='ltr'><em>in</em></span> <span class='ocrx_word' id='word_1_165' title='bbox 879 951 957 988; x_wconf 91' lang='lat' dir='ltr'><em>ista</em></span> <span class='ocrx_word' id='word_1_166' title='bbox 992 950 1169 988; x_wconf 88' lang='lat' dir='ltr'><em>oratione</em></span> <span class='ocrx_word' id='word_1_167' title='bbox 1204 964 1308 988; x_wconf 70' lang='lat' dir='ltr'><em>more</em></span> <span class='ocrx_word' id='word_1_168' title='bbox 1343 949 1413 988; x_wconf 87' lang='lat' dir='ltr'><em>ubi</em></span> <span class='ocrx_word' id='word_1_169' title='bbox 1440 957 1508 995; x_wconf 68' lang='lat' dir='ltr'><em>est,</em></span> <span class='ocrx_word' id='word_1_170' title='bbox 1542 950 1686 989; x_wconf 86' lang='lat' dir='ltr'><em>ibidem</em></span> <span class='ocrx_word' id='word_1_171' title='bbox 1716 959 1786 998; x_wconf 67' lang='lat' dir='ltr'><em>est,</em></span> <span class='ocrx_word' id='word_1_172' title='bbox 1823 951 1864 989; x_wconf 93' lang='lat' dir='ltr'><em>id</em></span> <span class='ocrx_word' id='word_1_173' title='bbox 1894 951 1999 1002; x_wconf 90' lang='lat' dir='ltr'><em>quod</em></span> <span class='ocrx_word' id='word_1_174' title='bbox 2037 951 2070 990; x_wconf 90' lang='lat' dir='ltr'><em>si</em></span> <span class='ocrx_word' id='word_1_175' title='bbox 2102 951 2200 989; x_wconf 85' lang='lat' dir='ltr'><em>tanti</em></span> <span class='ocrx_word' id='word_1_176' title='bbox 2238 951 2289 989; x_wconf 90' lang='lat' dir='ltr'><em>sit</em></span> 
     </span>
     <span class='ocr_line' id='line_1_13' title="bbox 303 1022 1057 1075; baseline -0.004 -13"><span class='ocrx_word' id='word_1_177' title='bbox 303 1024 423 1063; x_wconf 86' lang='lat' dir='ltr'><em>etiam</em></span> <span class='ocrx_word' id='word_1_178' title='bbox 453 1024 632 1075; x_wconf 86' lang='lat' dir='ltr'><em>pluribus</em></span> <span class='ocrx_word' id='word_1_179' title='bbox 663 1023 897 1061; x_wconf 86' lang='lat' dir='ltr'><em>confirmare</em></span> <span class='ocrx_word' id='word_1_180' title='bbox 928 1022 1057 1060; x_wconf 83' lang='lat' dir='ltr'><em>liceat.</em></span> 
     </span>
     <span class='ocr_line' id='line_1_14' title="bbox 503 1093 2287 1146; baseline -0.002 -12"><span class='ocrx_word' id='word_1_181' title='bbox 503 1096 688 1134; x_wconf 90' lang='lat' dir='ltr'><em>Alterum</em></span> <span class='ocrx_word' id='word_1_182' title='bbox 724 1094 948 1146; x_wconf 81' lang='lat' dir='ltr'><em>exemplum</em></span> <span class='ocrx_word' id='word_1_183' title='bbox 985 1093 1158 1145; x_wconf 90' lang='lat' dir='ltr'><em>petimus</em></span> <span class='ocrx_word' id='word_1_184' title='bbox 1195 1107 1244 1132; x_wconf 87' lang='lat' dir='ltr'><em>ex</em></span> <span class='ocrx_word' id='word_1_185' title='bbox 1281 1093 1419 1133; x_wconf 89' lang='lat' dir='ltr'><em>eodem</em></span> <span class='ocrx_word' id='word_1_186' title='bbox 1457 1093 1558 1133; x_wconf 89' lang='lat' dir='ltr'><em>libro</em></span> <span class='ocrx_word' id='word_1_187' title='bbox 1587 1094 1649 1143; x_wconf 83' lang='lat'><em>17,</em></span> <span class='ocrx_word' id='word_1_188' title='bbox 1684 1094 1753 1143; x_wconf 80' lang='lat'><em>51,</em></span> <span class='ocrx_word' id='word_1_189' title='bbox 1793 1093 1859 1133; x_wconf 92' lang='lat' dir='ltr'><em>ubi</em></span> <span class='ocrx_word' id='word_1_190' title='bbox 1897 1093 1995 1132; x_wconf 84' lang='lat' dir='ltr'><em>haec</em></span> <span class='ocrx_word' id='word_1_191' title='bbox 2029 1094 2213 1145; x_wconf 88' lang='lat' dir='ltr'><em>leguntur</em></span> <span class='ocrx_word' id='word_1_192' title='bbox 2247 1093 2287 1131; x_wconf 90' lang='lat' dir='ltr'><em>in</em></span> 
     </span>
    </p>

    <p class='ocr_par' dir='ltr' id='par_1_3' title="bbox 303 1167 739 1219">
     <span class='ocr_line' id='line_1_15' title="bbox 303 1167 739 1219; baseline -0.002 -13"><span class='ocrx_word' id='word_1_193' title='bbox 303 1167 489 1206; x_wconf 86' lang='lat' dir='ltr'><em>Muelleri</em></span> <span class='ocrx_word' id='word_1_194' title='bbox 519 1168 739 1219; x_wconf 83' lang='lat' dir='ltr'><em>exemplari</em></span> 
     </span>
    </p>

    <p class='ocr_par' dir='ltr' id='par_1_4' title="bbox 639 1236 2288 1289">
     <span class='ocr_line' id='line_1_16' title="bbox 639 1236 2288 1289; baseline -0.001 -12"><span class='ocrx_word' id='word_1_195' title='bbox 639 1238 725 1287; x_wconf 82' lang='lat' dir='ltr'><em>Quo</em></span> <span class='ocrx_word' id='word_1_196' title='bbox 747 1238 829 1277; x_wconf 87' lang='lat' dir='ltr'><em>loco</em></span> <span class='ocrx_word' id='word_1_197' title='bbox 860 1251 1020 1289; x_wconf 81' lang='lat' dir='ltr'><em>quaero,</em></span> <span class='ocrx_word' id='word_1_198' title='bbox 1052 1251 1172 1289; x_wconf 81' lang='lat' dir='ltr'><em>quam</em></span> <span class='ocrx_word' id='word_1_199' title='bbox 1190 1238 1269 1276; x_wconf 83' lang='lat' dir='ltr'><em>vim</em></span> <span class='ocrx_word' id='word_1_200' title='bbox 1289 1237 1427 1276; x_wconf 73' lang='lat' dir='ltr'><em>habeat</em></span> <span class='ocrx_word' id='word_1_201' title='bbox 1448 1237 1550 1276; x_wconf 89' lang='lat' dir='ltr'><em>libra</em></span> <span class='ocrx_word' id='word_1_202' title='bbox 1568 1237 1641 1276; x_wconf 86' lang='lat' dir='ltr'><em>illa</em></span> <span class='ocrx_word' id='word_1_203' title='bbox 1661 1236 1837 1288; x_wconf 79' lang='lat' dir='ltr'><em>Critolai,</em></span> <span class='ocrx_word' id='word_1_204' title='bbox 1870 1239 1940 1289; x_wconf 83' lang='lat' dir='ltr'><em>qui</em></span> <span class='ocrx_word' id='word_1_205' title='bbox 1958 1251 2045 1276; x_wconf 87' lang='lat' dir='ltr'><em>cum</em></span> <span class='ocrx_word' id='word_1_206' title='bbox 2064 1238 2107 1276; x_wconf 89' lang='lat' dir='ltr'><em>in</em></span> <span class='ocrx_word' id='word_1_207' title='bbox 2126 1237 2288 1276; x_wconf 81' lang='lat' dir='ltr'><em>alteram</em></span> 
     </span>
    </p>

    <p class='ocr_par' dir='ltr' id='par_1_5' title="bbox 639 1309 2288 1361">
     <span class='ocr_line' id='line_1_17' title="bbox 639 1309 2288 1361; baseline -0.001 -13"><span class='ocrx_word' id='word_1_208' title='bbox 639 1310 787 1348; x_wconf 89' lang='lat' dir='ltr'><em>lancem</em></span> <span class='ocrx_word' id='word_1_209' title='bbox 815 1311 941 1348; x_wconf 84' lang='lat' dir='ltr'><em>animi</em></span> <span class='ocrx_word' id='word_1_210' title='bbox 969 1310 1070 1348; x_wconf 87' lang='lat' dir='ltr'><em>bona</em></span> <span class='ocrx_word' id='word_1_211' title='bbox 1088 1311 1278 1361; x_wconf 86' lang='lat' dir='ltr'><em>imponat,</em></span> <span class='ocrx_word' id='word_1_212' title='bbox 1309 1310 1352 1347; x_wconf 91' lang='lat' dir='ltr'><em>in</em></span> <span class='ocrx_word' id='word_1_213' title='bbox 1372 1309 1536 1347; x_wconf 82' lang='lat' dir='ltr'><em>alteram</em></span> <span class='ocrx_word' id='word_1_214' title='bbox 1565 1310 1742 1360; x_wconf 71' lang='lat' dir='ltr'><em>corporis</em></span> <span class='ocrx_word' id='word_1_215' title='bbox 1763 1315 1796 1347; x_wconf 87' lang='lat' dir='ltr'><em>et</em></span> <span class='ocrx_word' id='word_1_216' title='bbox 1816 1316 1985 1359; x_wconf 73' lang='lat' dir='ltr'><em>externa,</em></span> <span class='ocrx_word' id='word_1_217' title='bbox 2017 1316 2166 1347; x_wconf 86' lang='lat' dir='ltr'><em>tantum</em></span> <span class='ocrx_word' id='word_1_218' title='bbox 2188 1322 2288 1361; x_wconf 87' lang='lat' dir='ltr'><em>pro-</em></span> 
     </span>
    </p>

    <p class='ocr_par' dir='ltr' id='par_1_6' title="bbox 300 1377 2291 2577">
     <span class='ocr_line' id='line_1_18' title="bbox 638 1377 2171 1433; baseline -0.001 -13"><span class='ocrx_word' id='word_1_219' title='bbox 638 1382 805 1433; x_wconf 81' lang='lat' dir='ltr'><em>pendere</em></span> <span class='ocrx_word' id='word_1_220' title='bbox 832 1381 944 1420; x_wconf 86' lang='lat' dir='ltr'><em>illam</em></span> <span class='ocrx_word' id='word_1_221' title='bbox 973 1378 1105 1431; x_wconf 86' lang='lat' dir='ltr'><em>[boni</em></span> <span class='ocrx_word' id='word_1_222' title='bbox 1133 1377 1333 1430; x_wconf 87' lang='lat' dir='ltr'><em>lancem]</em></span> <span class='ocrx_word' id='word_1_223' title='bbox 1361 1387 1469 1432; x_wconf 87' lang='lat' dir='ltr'><em>putet</em></span> <span class='ocrx_word' id='word_1_224' title='bbox 1497 1387 1540 1418; x_wconf 89' lang='lat' dir='ltr'><em>ut</em></span> <span class='ocrx_word' id='word_1_225' title='bbox 1568 1387 1713 1419; x_wconf 85' lang='lat' dir='ltr'><em>terram</em></span> <span class='ocrx_word' id='word_1_226' title='bbox 1743 1387 1778 1419; x_wconf 89' lang='lat' dir='ltr'><em>et</em></span> <span class='ocrx_word' id='word_1_227' title='bbox 1806 1381 1936 1418; x_wconf 88' lang='lat' dir='ltr'><em>maria</em></span> <span class='ocrx_word' id='word_1_228' title='bbox 1964 1381 2171 1432; x_wconf 85' lang='lat' dir='ltr'><em>deprimat.</em></span> 
     </span>
     <span class='ocr_line' id='line_1_19' title="bbox 307 1450 2290 1504; baseline -0.001 -13"><span class='ocrx_word' id='word_1_229' title='bbox 307 1452 372 1492; x_wconf 90' lang='lat' dir='ltr'><em>Ad</em></span> <span class='ocrx_word' id='word_1_230' title='bbox 396 1466 497 1504; x_wconf 90' lang='lat' dir='ltr'><em>quae</em></span> <span class='ocrx_word' id='word_1_231' title='bbox 519 1452 641 1491; x_wconf 84' lang='lat' dir='ltr'><em>verba</em></span> <span class='ocrx_word' id='word_1_232' title='bbox 671 1451 769 1491; x_wconf 86' lang='lat' dir='ltr'><em>haec</em></span> <span class='ocrx_word' id='word_1_233' title='bbox 800 1458 860 1491; x_wconf 87' lang='lat' dir='ltr'><em>est</em></span> <span class='ocrx_word' id='word_1_234' title='bbox 879 1452 1051 1491; x_wconf 85' lang='lat' dir='ltr'><em>Bentleii</em></span> <span class='ocrx_word' id='word_1_235' title='bbox 1081 1452 1185 1504; x_wconf 89' lang='lat' dir='ltr'><em>apud</em></span> <span class='ocrx_word' id='word_1_236' title='bbox 1207 1452 1419 1491; x_wconf 87' lang='lat' dir='ltr'><em>Davisium</em></span> <span class='ocrx_word' id='word_1_237' title='bbox 1446 1451 1668 1491; x_wconf 80' lang='lat' dir='ltr'><em>adnotatio:</em></span> <span class='ocrx_word' id='word_1_238' title='bbox 1692 1450 1822 1503; x_wconf 82' lang='lat' dir='ltr'><em>“quid</em></span> <span class='ocrx_word' id='word_1_239' title='bbox 1852 1451 1951 1490; x_wconf 89' lang='lat' dir='ltr'><em>illud</em></span> <span class='ocrx_word' id='word_1_240' title='bbox 1979 1457 2039 1490; x_wconf 87' lang='lat' dir='ltr'><em>est</em></span> <span class='ocrx_word' id='word_1_241' title='bbox 2065 1451 2170 1503; x_wconf 93' lang='lat' dir='ltr'><em>quod</em></span> <span class='ocrx_word' id='word_1_242' title='bbox 2197 1450 2290 1490; x_wconf 89' lang='lat' dir='ltr'><em>boni</em></span> 
     </span>
     <span class='ocr_line' id='line_1_20' title="bbox 308 1523 2289 1576; baseline -0.001 -13"><span class='ocrx_word' id='word_1_243' title='bbox 308 1525 455 1563; x_wconf 83' lang='lat' dir='ltr'><em>lancem</em></span> <span class='ocrx_word' id='word_1_244' title='bbox 476 1523 599 1562; x_wconf 81' lang='lat' dir='ltr'><em>dieit‘?</em></span> <span class='ocrx_word' id='word_1_245' title='bbox 621 1537 710 1562; x_wconf 89' lang='lat' dir='ltr'><em>cum</em></span> <span class='ocrx_word' id='word_1_246' title='bbox 727 1524 766 1562; x_wconf 89' lang='lat' dir='ltr'><em>in</em></span> <span class='ocrx_word' id='word_1_247' title='bbox 786 1530 951 1576; x_wconf 84' lang='lat' dir='ltr'><em>utraque</em></span> <span class='ocrx_word' id='word_1_248' title='bbox 967 1524 1079 1563; x_wconf 88' lang='lat' dir='ltr'><em>lance</em></span> <span class='ocrx_word' id='word_1_249' title='bbox 1099 1524 1248 1562; x_wconf 87' lang='lat' dir='ltr'><em>fuerint</em></span> <span class='ocrx_word' id='word_1_250' title='bbox 1267 1523 1387 1562; x_wconf 87' lang='lat' dir='ltr'><em>bona:</em></span> <span class='ocrx_word' id='word_1_251' title='bbox 1408 1523 1448 1561; x_wconf 90' lang='lat' dir='ltr'><em>in</em></span> <span class='ocrx_word' id='word_1_252' title='bbox 1470 1523 1539 1561; x_wconf 85' lang='lat' dir='ltr'><em>illa</em></span> <span class='ocrx_word' id='word_1_253' title='bbox 1559 1523 1660 1562; x_wconf 88' lang='lat' dir='ltr'><em>bona</em></span> <span class='ocrx_word' id='word_1_254' title='bbox 1681 1524 1815 1573; x_wconf 86' lang='lat' dir='ltr'><em>animi,</em></span> <span class='ocrx_word' id='word_1_255' title='bbox 1839 1524 1878 1562; x_wconf 93' lang='lat' dir='ltr'><em>in</em></span> <span class='ocrx_word' id='word_1_256' title='bbox 1900 1523 1975 1561; x_wconf 84' lang='lat' dir='ltr'><em>hac</em></span> <span class='ocrx_word' id='word_1_257' title='bbox 1995 1523 2097 1562; x_wconf 88' lang='lat' dir='ltr'><em>bona</em></span> <span class='ocrx_word' id='word_1_258' title='bbox 2112 1524 2289 1575; x_wconf 74' lang='lat' dir='ltr'><em>corporis</em></span> 
     </span>
     <span class='ocr_line' id='line_1_21' title="bbox 307 1593 2290 1646; baseline -0.001 -12"><span class='ocrx_word' id='word_1_259' title='bbox 307 1602 341 1634; x_wconf 89' lang='lat' dir='ltr'><em>et</em></span> <span class='ocrx_word' id='word_1_260' title='bbox 365 1601 537 1634; x_wconf 74' lang='lat' dir='ltr'><em>externa.</em></span> <span class='ocrx_word' id='word_1_261' title='bbox 569 1593 734 1633; x_wconf 87' lang='lat' dir='ltr'><em>hoccine</em></span> <span class='ocrx_word' id='word_1_262' title='bbox 765 1608 788 1633; x_wconf 90' lang='lat' dir='ltr'><em>a</em></span> <span class='ocrx_word' id='word_1_263' title='bbox 818 1600 876 1633; x_wconf 89' lang='lat' dir='ltr'><em>tot</em></span> <span class='ocrx_word' id='word_1_264' title='bbox 906 1594 1121 1634; x_wconf 85' lang='lat' dir='ltr'><em>editoribus</em></span> <span class='ocrx_word' id='word_1_265' title='bbox 1152 1594 1395 1634; x_wconf 85' lang='lat' dir='ltr'><em>doctissimis</em></span> <span class='ocrx_word' id='word_1_266' title='bbox 1423 1600 1503 1632; x_wconf 89' lang='lat' dir='ltr'><em>tam</em></span> <span class='ocrx_word' id='word_1_267' title='bbox 1531 1594 1727 1646; x_wconf 84' lang='lat' dir='ltr'><em>patienter</em></span> <span class='ocrx_word' id='word_1_268' title='bbox 1749 1594 1874 1633; x_wconf 78' lang='lat' dir='ltr'><em>ferri?</em></span> <span class='ocrx_word' id='word_1_269' title='bbox 1908 1594 1995 1644; x_wconf 86' lang='lat' dir='ltr'><em>lege</em></span> <span class='ocrx_word' id='word_1_270' title='bbox 2022 1608 2114 1633; x_wconf 89' lang='lat' dir='ltr'><em>vero</em></span> <span class='ocrx_word' id='word_1_271' title='bbox 2140 1602 2290 1633; x_wconf 84' lang='lat' dir='ltr'><em>tantum</em></span> 
     </span>
     <span class='ocr_line' id='line_1_22' title="bbox 300 1666 2290 1720; baseline -0.001 -14"><span class='ocrx_word' id='word_1_272' title='bbox 300 1668 549 1720; x_wconf 79' lang='lat' dir='ltr'><em>propendere</em></span> <span class='ocrx_word' id='word_1_273' title='bbox 572 1667 685 1705; x_wconf 84' lang='lat' dir='ltr'><em>illam</em></span> <span class='ocrx_word' id='word_1_274' title='bbox 709 1678 833 1707; x_wconf 72' lang='lat' dir='ltr'>ANIMI</span> <span class='ocrx_word' id='word_1_275' title='bbox 864 1667 1013 1706; x_wconf 85' lang='lat' dir='ltr'><em>lancem</em></span> <span class='ocrx_word' id='word_1_276' title='bbox 1039 1675 1158 1719; x_wconf 86' lang='lat' dir='ltr'><em>putet.</em></span> <span class='ocrx_word' id='word_1_277' title='bbox 1196 1667 1258 1706; x_wconf 92' lang='lat' dir='ltr'><em>vel</em></span> <span class='ocrx_word' id='word_1_278' title='bbox 1285 1667 1372 1706; x_wconf 91' lang='lat' dir='ltr'><em>dele</em></span> <span class='ocrx_word' id='word_1_279' title='bbox 1398 1666 1492 1706; x_wconf 88' lang='lat' dir='ltr'><em>boni</em></span> <span class='ocrx_word' id='word_1_280' title='bbox 1515 1673 1554 1706; x_wconf 89' lang='lat' dir='ltr'><em>et</em></span> <span class='ocrx_word' id='word_1_281' title='bbox 1580 1667 1710 1706; x_wconf 86' lang='lat' dir='ltr'><em>scribe</em></span> <span class='ocrx_word' id='word_1_282' title='bbox 1736 1673 1886 1706; x_wconf 87' lang='lat' dir='ltr'><em>tantum</em></span> <span class='ocrx_word' id='word_1_283' title='bbox 1911 1667 2154 1719; x_wconf 83' lang='lat' dir='ltr'><em>propendere</em></span> <span class='ocrx_word' id='word_1_284' title='bbox 2177 1666 2290 1705; x_wconf 87' lang='lat' dir='ltr'><em>illam</em></span> 
     </span>
     <span class='ocr_line' id='line_1_23' title="bbox 306 1735 2289 1791; baseline -0.001 -14"><span class='ocrx_word' id='word_1_285' title='bbox 306 1739 455 1778; x_wconf 85' lang='lat' dir='ltr'><em>lancem</em></span> <span class='ocrx_word' id='word_1_286' title='bbox 479 1745 609 1791; x_wconf 88' lang='lat' dir='ltr'><em>putet:</em></span> <span class='ocrx_word' id='word_1_287' title='bbox 645 1737 768 1789; x_wconf 85' lang='lat' dir='ltr'><em>illam,</em></span> <span class='ocrx_word' id='word_1_288' title='bbox 802 1737 877 1777; x_wconf 88' lang='lat' dir='ltr'><em>hoc</em></span> <span class='ocrx_word' id='word_1_289' title='bbox 908 1744 968 1778; x_wconf 91' lang='lat' dir='ltr'><em>est</em></span> <span class='ocrx_word' id='word_1_290' title='bbox 998 1752 1117 1790; x_wconf 87' lang='lat' dir='ltr'><em>quam</em></span> <span class='ocrx_word' id='word_1_291' title='bbox 1145 1738 1316 1790; x_wconf 87' lang='lat' dir='ltr'><em>priorem</em></span> <span class='ocrx_word' id='word_1_292' title='bbox 1351 1737 1585 1777; x_wconf 92' lang='lat' dir='ltr'><em>nominavit.</em></span> <span class='ocrx_word' id='word_1_293' title='bbox 1621 1743 1758 1777; x_wconf 87' lang='lat' dir='ltr'><em>noster</em></span> <span class='ocrx_word' id='word_1_294' title='bbox 1792 1736 1840 1776; x_wconf 91' lang='lat' dir='ltr'><em>de</em></span> <span class='ocrx_word' id='word_1_295' title='bbox 1866 1738 1933 1776; x_wconf 89' lang='lat' dir='ltr'><em>fin.</em></span> <span class='ocrx_word' id='word_1_296' title='bbox 1961 1750 1989 1777; x_wconf 89' lang='lat' dir='ltr'><strong>v</strong></span> <span class='ocrx_word' id='word_1_297' title='bbox 2015 1737 2079 1788; x_wconf 89' lang='lat'><em>30,</em></span> <span class='ocrx_word' id='word_1_298' title='bbox 2103 1735 2190 1789; x_wconf 88' lang='lat'>(91)</span> <span class='ocrx_word' id='word_1_299' title='bbox 2217 1752 2289 1776; x_wconf 90' lang='lat' dir='ltr'><em>au-</em></span> 
     </span>
     <span class='ocr_line' id='line_1_24' title="bbox 306 1809 2290 1862; baseline -0.001 -13"><span class='ocrx_word' id='word_1_300' title='bbox 306 1810 401 1849; x_wconf 88' lang='lat' dir='ltr'><em>debo</em></span> <span class='ocrx_word' id='word_1_301' title='bbox 430 1810 554 1861; x_wconf 73' lang='lat' dir='ltr'><em>iyitur</em></span> <span class='ocrx_word' id='word_1_302' title='bbox 582 1816 706 1848; x_wconf 88' lang='lat' dir='ltr'><em>cetera</em></span> <span class='ocrx_word' id='word_1_303' title='bbox 736 1823 836 1862; x_wconf 85' lang='lat' dir='ltr'><em>quae</em></span> <span class='ocrx_word' id='word_1_304' title='bbox 864 1810 1076 1848; x_wconf 69' lang='lat' dir='ltr'><em>secundum</em></span> <span class='ocrx_word' id='word_1_305' title='bbox 1099 1816 1283 1848; x_wconf 82' lang='lat' dir='ltr'><em>naturam</em></span> <span class='ocrx_word' id='word_1_306' title='bbox 1307 1816 1398 1848; x_wconf 73' lang='lat' dir='ltr'><em>eunt</em></span> <span class='ocrx_word' id='word_1_307' title='bbox 1423 1809 1524 1848; x_wconf 87' lang='lat' dir='ltr'><em>bona</em></span> <span class='ocrx_word' id='word_1_308' title='bbox 1554 1809 1777 1862; x_wconf 83' lang='lat' dir='ltr'><em>appellare:</em></span> <span class='ocrx_word' id='word_1_309' title='bbox 1808 1810 1963 1848; x_wconf 69' lang='lat' dir='ltr'><em>virtutis</em></span> <span class='ocrx_word' id='word_1_310' title='bbox 1989 1816 2116 1848; x_wconf 88' lang='lat' dir='ltr'><em>autem</em></span> <span class='ocrx_word' id='word_1_311' title='bbox 2147 1810 2290 1862; x_wconf 87' lang='lat' dir='ltr'><em>ampli-</em></span> 
     </span>
     <span class='ocr_line' id='line_1_25' title="bbox 306 1880 2290 1933; baseline 0 -13"><span class='ocrx_word' id='word_1_312' title='bbox 306 1881 479 1920; x_wconf 87' lang='lat' dir='ltr'><em>tudinem</em></span> <span class='ocrx_word' id='word_1_313' title='bbox 509 1882 627 1933; x_wconf 74' lang='lat' dir='ltr'><em>quasi</em></span> <span class='ocrx_word' id='word_1_314' title='bbox 656 1882 699 1919; x_wconf 87' lang='lat' dir='ltr'><em>in</em></span> <span class='ocrx_word' id='word_1_315' title='bbox 728 1881 854 1919; x_wconf 85' lang='lat' dir='ltr'><em>altera</em></span> <span class='ocrx_word' id='word_1_316' title='bbox 882 1880 1007 1919; x_wconf 87' lang='lat' dir='ltr'><em>librae</em></span> <span class='ocrx_word' id='word_1_317' title='bbox 1036 1881 1145 1919; x_wconf 85' lang='lat' dir='ltr'><em>lance</em></span> <span class='ocrx_word' id='word_1_318' title='bbox 1170 1894 1335 1932; x_wconf 80' lang='lat' dir='ltr'><em>ponere.-</em></span> <span class='ocrx_word' id='word_1_319' title='bbox 1373 1889 1534 1930; x_wconf 82' lang='lat' dir='ltr'><em>terram,</em></span> <span class='ocrx_word' id='word_1_320' title='bbox 1573 1881 1672 1920; x_wconf 74' lang='lat' dir='ltr'><em>mihi</em></span> <span class='ocrx_word' id='word_1_321' title='bbox 1700 1882 1827 1929; x_wconf 87' lang='lat' dir='ltr'><em>crede,</em></span> <span class='ocrx_word' id='word_1_322' title='bbox 1865 1895 1916 1920; x_wconf 89' lang='lat' dir='ltr'><em>ea</em></span> <span class='ocrx_word' id='word_1_323' title='bbox 1953 1881 2065 1920; x_wconf 72' lang='lat' dir='ltr'><em>lanx</em></span> <span class='ocrx_word' id='word_1_324' title='bbox 2099 1889 2134 1920; x_wconf 85' lang='lat' dir='ltr'><em>et</em></span> <span class='ocrx_word' id='word_1_325' title='bbox 2162 1883 2290 1920; x_wconf 87' lang='lat' dir='ltr'><em>maria</em></span> 
     </span>
     <span class='ocr_line' id='line_1_26' title="bbox 306 1948 2289 2004; baseline 0 -13"><span class='ocrx_word' id='word_1_326' title='bbox 306 1954 494 2004; x_wconf 84' lang='lat' dir='ltr'><em>deprimet</em></span> <span class='ocrx_word' id='word_1_327' title='bbox 524 1948 588 2003; x_wconf 89' lang='lat' dir='ltr'><em>[cf.</em></span> <span class='ocrx_word' id='word_1_328' title='bbox 616 1952 742 1991; x_wconf 91' lang='lat' dir='ltr'><em>Acad.</em></span> <span class='ocrx_word' id='word_1_329' title='bbox 771 1965 801 1992; x_wconf 89' lang='lat'><em>11</em></span> <span class='ocrx_word' id='word_1_330' title='bbox 831 1953 892 2003; x_wconf 81' lang='lat'><em>12,</em></span> <span class='ocrx_word' id='word_1_331' title='bbox 917 1949 999 2003; x_wconf 85' lang='lat'>38].</span> <span class='ocrx_word' id='word_1_332' title='bbox 1037 1958 1132 1990; x_wconf 88' lang='lat' dir='ltr'><em>nota</em></span> <span class='ocrx_word' id='word_1_333' title='bbox 1159 1958 1291 1991; x_wconf 90' lang='lat' dir='ltr'><em>autem</em></span> <span class='ocrx_word' id='word_1_334' title='bbox 1324 1952 1535 1991; x_wconf 88' lang='lat' dir='ltr'><em>locutionis</em></span> <span class='ocrx_word' id='word_1_335' title='bbox 1563 1966 1687 2002; x_wconf 87' lang='lat' dir='ltr'><em>genus</em></span> <span class='ocrx_word' id='word_1_336' title='bbox 1715 1952 1923 1991; x_wconf 80' lang='grc' dir='ltr'><em>ἰδιωτικόν.</em></span> <span class='ocrx_word' id='word_1_337' title='bbox 1954 1967 2047 1991; x_wconf 91' lang='lat' dir='ltr'><em>nam</em></span> <span class='ocrx_word' id='word_1_338' title='bbox 2072 1953 2113 1991; x_wconf 93' lang='lat' dir='ltr'><em>in</em></span> <span class='ocrx_word' id='word_1_339' title='bbox 2135 1953 2289 1992; x_wconf 85' lang='lat' dir='ltr'><em>bilance</em></span> 
     </span>
     <span class='ocr_line' id='line_1_27' title="bbox 307 2023 2289 2077; baseline 0 -14"><span class='ocrx_word' id='word_1_340' title='bbox 307 2038 408 2077; x_wconf 84' lang='lat' dir='ltr'><em>quae</em></span> <span class='ocrx_word' id='word_1_341' title='bbox 429 2023 523 2063; x_wconf 85' lang='lat' dir='ltr'><em>lanx</em></span> <span class='ocrx_word' id='word_1_342' title='bbox 553 2023 853 2076; x_wconf 86' lang='lat' dir='ltr'><em>praeponderat,</em></span> <span class='ocrx_word' id='word_1_343' title='bbox 886 2037 965 2063; x_wconf 90' lang='grc'>11011</span> <span class='ocrx_word' id='word_1_344' title='bbox 995 2024 1182 2076; x_wconf 86' lang='lat' dir='ltr'><em>deprimit</em></span> <span class='ocrx_word' id='word_1_345' title='bbox 1206 2023 1441 2075; x_wconf 89' lang='lat' dir='ltr'><em>oppositam,</em></span> <span class='ocrx_word' id='word_1_346' title='bbox 1471 2037 1605 2062; x_wconf 90' lang='lat' dir='ltr'><em>verum</em></span> <span class='ocrx_word' id='word_1_347' title='bbox 1632 2023 1772 2064; x_wconf 87' lang='lat' dir='ltr'><em>elevat.</em></span> <span class='ocrx_word' id='word_1_348' title='bbox 1805 2023 1874 2064; x_wconf 91' lang='lat' dir='ltr'><em>sed</em></span> <span class='ocrx_word' id='word_1_349' title='bbox 1896 2023 2071 2074; x_wconf 85' lang='lat' dir='ltr'><em>vulgaris</em></span> <span class='ocrx_word' id='word_1_350' title='bbox 2094 2024 2289 2063; x_wconf 89' lang='lat' dir='ltr'><em>sermonis</em></span> 
     </span>
     <span class='ocr_line' id='line_1_28' title="bbox 308 2093 2287 2147; baseline 0 -13"><span class='ocrx_word' id='word_1_351' title='bbox 308 2109 439 2134; x_wconf 89' lang='lat' dir='ltr'><em>errore</em></span> <span class='ocrx_word' id='word_1_352' title='bbox 467 2095 549 2134; x_wconf 85' lang='lat' dir='ltr'><em>labi</em></span> <span class='ocrx_word' id='word_1_353' title='bbox 580 2095 699 2134; x_wconf 89' lang='lat' dir='ltr'><em>etiam</em></span> <span class='ocrx_word' id='word_1_354' title='bbox 731 2096 901 2147; x_wconf 84' lang='lat' dir='ltr'><em>sapienti</em></span> <span class='ocrx_word' id='word_1_355' title='bbox 933 2101 972 2133; x_wconf 92' lang='lat' dir='ltr'><em>et</em></span> <span class='ocrx_word' id='word_1_356' title='bbox 998 2095 1147 2134; x_wconf 88' lang='lat' dir='ltr'><em>diserto</em></span> <span class='ocrx_word' id='word_1_357' title='bbox 1169 2109 1402 2134; x_wconf 89' lang='lat' dir='ltr'><em>concessum</em></span> <span class='ocrx_word' id='word_1_358' title='bbox 1425 2093 1523 2134; x_wconf 80' lang='lat' dir='ltr'><em>est.³’</em></span> <span class='ocrx_word' id='word_1_359' title='bbox 1568 2095 1631 2134; x_wconf 85' lang='lat' dir='ltr'><em>Ex</em></span> <span class='ocrx_word' id='word_1_360' title='bbox 1652 2096 1826 2135; x_wconf 88' lang='lat' dir='ltr'><em>Bentleii</em></span> <span class='ocrx_word' id='word_1_361' title='bbox 1847 2096 2086 2135; x_wconf 87' lang='lat' dir='ltr'><em>coniecturis</em></span> <span class='ocrx_word' id='word_1_362' title='bbox 2108 2096 2287 2146; x_wconf 86' lang='lat' dir='ltr'><em>alteram,</em></span> 
     </span>
     <span class='ocr_line' id='line_1_29' title="bbox 309 2166 2291 2219; baseline 0.001 -14"><span class='ocrx_word' id='word_1_363' title='bbox 309 2181 388 2218; x_wconf 92' lang='lat' dir='ltr'><em>qua</em></span> <span class='ocrx_word' id='word_1_364' title='bbox 407 2169 533 2206; x_wconf 84' lang='lat' dir='ltr'><em>animi</em></span> <span class='ocrx_word' id='word_1_365' title='bbox 550 2181 620 2218; x_wconf 88' lang='lat' dir='ltr'><em>pro</em></span> <span class='ocrx_word' id='word_1_366' title='bbox 642 2167 735 2206; x_wconf 88' lang='lat' dir='ltr'><em>boni</em></span> <span class='ocrx_word' id='word_1_367' title='bbox 752 2168 891 2218; x_wconf 90' lang='lat' dir='ltr'><em>reponi</em></span> <span class='ocrx_word' id='word_1_368' title='bbox 911 2168 1047 2216; x_wconf 90' lang='lat' dir='ltr'><em>voluit,</em></span> <span class='ocrx_word' id='word_1_369' title='bbox 1071 2173 1227 2218; x_wconf 91' lang='lat' dir='ltr'><em>praeter</em></span> <span class='ocrx_word' id='word_1_370' title='bbox 1248 2166 1458 2206; x_wconf 90' lang='lat' dir='ltr'><em>Davisium</em></span> <span class='ocrx_word' id='word_1_371' title='bbox 1480 2182 1595 2207; x_wconf 90' lang='lat' dir='ltr'><em>nemo</em></span> <span class='ocrx_word' id='word_1_372' title='bbox 1622 2167 1830 2218; x_wconf 85' lang='lat' dir='ltr'><em>editorum,</em></span> <span class='ocrx_word' id='word_1_373' title='bbox 1860 2181 1977 2218; x_wconf 90' lang='lat' dir='ltr'><em>quem</em></span> <span class='ocrx_word' id='word_1_374' title='bbox 1999 2167 2159 2219; x_wconf 90' lang='lat' dir='ltr'><em>quidem</em></span> <span class='ocrx_word' id='word_1_375' title='bbox 2180 2168 2291 2207; x_wconf 91' lang='lat' dir='ltr'><em>novi-</em></span> 
     </span>
     <span class='ocr_line' id='line_1_30' title="bbox 308 2237 2288 2291; baseline 0 -13"><span class='ocrx_word' id='word_1_376' title='bbox 308 2252 408 2289; x_wconf 88' lang='lat' dir='ltr'><em>mus,</em></span> <span class='ocrx_word' id='word_1_377' title='bbox 426 2237 693 2290; x_wconf 88' lang='lat' dir='ltr'><em>recipiendam</em></span> <span class='ocrx_word' id='word_1_378' title='bbox 711 2237 835 2289; x_wconf 83' lang='lat' dir='ltr'><em>duxit,</em></span> <span class='ocrx_word' id='word_1_379' title='bbox 853 2252 930 2277; x_wconf 92' lang='lat' dir='ltr'><em>non</em></span> <span class='ocrx_word' id='word_1_380' title='bbox 949 2238 1105 2290; x_wconf 89' lang='lat' dir='ltr'><em>iniuria,</em></span> <span class='ocrx_word' id='word_1_381' title='bbox 1124 2238 1313 2291; x_wconf 91' lang='lat' dir='ltr'><em>quoniam</em></span> <span class='ocrx_word' id='word_1_382' title='bbox 1331 2237 1428 2277; x_wconf 90' lang='lat' dir='ltr'><em>haec</em></span> <span class='ocrx_word' id='word_1_383' title='bbox 1445 2238 1640 2290; x_wconf 89' lang='lat' dir='ltr'><em>scriptura</em></span> <span class='ocrx_word' id='word_1_384' title='bbox 1656 2239 1749 2278; x_wconf 89' lang='lat' dir='ltr'><em>licet</em></span> <span class='ocrx_word' id='word_1_385' title='bbox 1770 2238 1960 2291; x_wconf 83' lang='lat' dir='ltr'><em>explicari</em></span> <span class='ocrx_word' id='word_1_386' title='bbox 1982 2238 2155 2290; x_wconf 88' lang='lat' dir='ltr'><em>quodam</em></span> <span class='ocrx_word' id='word_1_387' title='bbox 2170 2238 2288 2278; x_wconf 93' lang='lat' dir='ltr'><em>modo</em></span> 
     </span>
     <span class='ocr_line' id='line_1_31' title="bbox 308 2307 2290 2362; baseline -0.001 -12"><span class='ocrx_word' id='word_1_388' title='bbox 308 2310 447 2362; x_wconf 87' lang='lat' dir='ltr'><em>possit,</em></span> <span class='ocrx_word' id='word_1_389' title='bbox 485 2309 714 2348; x_wconf 79' lang='lat' dir='ltr'><em>satisfacere</em></span> <span class='ocrx_word' id='word_1_390' title='bbox 749 2323 827 2348; x_wconf 91' lang='lat' dir='ltr'><em>non</em></span> <span class='ocrx_word' id='word_1_391' title='bbox 858 2316 1000 2361; x_wconf 89' lang='lat' dir='ltr'><em>potest.</em></span> <span class='ocrx_word' id='word_1_392' title='bbox 1059 2307 1139 2348; x_wconf 86' lang='lat' dir='ltr'><em>Sed</em></span> <span class='ocrx_word' id='word_1_393' title='bbox 1174 2310 1357 2359; x_wconf 86' lang='lat' dir='ltr'><em>alteram,</em></span> <span class='ocrx_word' id='word_1_394' title='bbox 1395 2323 1472 2360; x_wconf 88' lang='lat' dir='ltr'><em>qua</em></span> <span class='ocrx_word' id='word_1_395' title='bbox 1507 2310 1600 2348; x_wconf 90' lang='lat' dir='ltr'><em>boni</em></span> <span class='ocrx_word' id='word_1_396' title='bbox 1633 2310 1794 2348; x_wconf 90' lang='lat' dir='ltr'><em>nomine</em></span> <span class='ocrx_word' id='word_1_397' title='bbox 1831 2309 1959 2348; x_wconf 90' lang='lat' dir='ltr'><em>deleto</em></span> <span class='ocrx_word' id='word_1_398' title='bbox 1997 2309 2109 2347; x_wconf 90' lang='lat' dir='ltr'><em>illam</em></span> <span class='ocrx_word' id='word_1_399' title='bbox 2142 2311 2290 2349; x_wconf 85' lang='lat' dir='ltr'><em>lancem</em></span> 
     </span>
     <span class='ocr_line' id='line_1_32' title="bbox 307 2380 2289 2433; baseline 0.001 -13"><span class='ocrx_word' id='word_1_400' title='bbox 307 2381 516 2431; x_wconf 87' lang='lat' dir='ltr'><em>retinetur,</em></span> <span class='ocrx_word' id='word_1_401' title='bbox 554 2381 688 2432; x_wconf 84' lang='lat' dir='ltr'><em>plures</em></span> <span class='ocrx_word' id='word_1_402' title='bbox 725 2380 897 2420; x_wconf 87' lang='lat' dir='ltr'><em>editores</em></span> <span class='ocrx_word' id='word_1_403' title='bbox 934 2396 1021 2419; x_wconf 86' lang='lat' dir='ltr'><em>cum</em></span> <span class='ocrx_word' id='word_1_404' title='bbox 1054 2381 1206 2420; x_wconf 89' lang='lat' dir='ltr'><em>Orellio</em></span> <span class='ocrx_word' id='word_1_405' title='bbox 1242 2381 1283 2419; x_wconf 93' lang='lat' dir='ltr'><em>in</em></span> <span class='ocrx_word' id='word_1_406' title='bbox 1320 2381 1448 2432; x_wconf 89' lang='lat' dir='ltr'><em>prima</em></span> <span class='ocrx_word' id='word_1_407' title='bbox 1478 2381 1688 2420; x_wconf 90' lang='lat' dir='ltr'><em>Turicensi</em></span> <span class='ocrx_word' id='word_1_408' title='bbox 1723 2387 2024 2432; x_wconf 81' lang='lat' dir='ltr'><em>expresserunt3</em></span> <span class='ocrx_word' id='word_1_409' title='bbox 2062 2388 2103 2420; x_wconf 86' lang='lat' dir='ltr'><em>at</em></span> <span class='ocrx_word' id='word_1_410' title='bbox 2132 2395 2181 2420; x_wconf 86' lang='lat' dir='ltr'><em>ex</em></span> <span class='ocrx_word' id='word_1_411' title='bbox 2211 2396 2289 2433; x_wconf 89' lang='lat' dir='ltr'><em>quo</em></span> 
     </span>
     <span class='ocr_line' id='line_1_33' title="bbox 307 2451 2289 2505; baseline 0.001 -14"><span class='ocrx_word' id='word_1_412' title='bbox 307 2453 493 2492; x_wconf 89' lang='lat' dir='ltr'><em>Baiterus</em></span> <span class='ocrx_word' id='word_1_413' title='bbox 524 2453 566 2491; x_wconf 93' lang='lat' dir='ltr'><em>in</em></span> <span class='ocrx_word' id='word_1_414' title='bbox 596 2452 721 2492; x_wconf 84' lang='lat' dir='ltr'><em>altera</em></span> <span class='ocrx_word' id='word_1_415' title='bbox 752 2451 958 2492; x_wconf 89' lang='lat' dir='ltr'><em>Turicensi</em></span> <span class='ocrx_word' id='word_1_416' title='bbox 989 2453 1089 2493; x_wconf 89' lang='lat' dir='ltr'><em>haec</em></span> <span class='ocrx_word' id='word_1_417' title='bbox 1119 2453 1196 2493; x_wconf 91' lang='lat' dir='ltr'><em>duo</em></span> <span class='ocrx_word' id='word_1_418' title='bbox 1227 2452 1321 2492; x_wconf 86' lang='lat' dir='ltr'><em>boni</em></span> <span class='ocrx_word' id='word_1_419' title='bbox 1348 2452 1496 2492; x_wconf 85' lang='lat' dir='ltr'><em>lancem</em></span> <span class='ocrx_word' id='word_1_420' title='bbox 1524 2452 1740 2492; x_wconf 87' lang='lat' dir='ltr'><em>reiicienda</em></span> <span class='ocrx_word' id='word_1_421' title='bbox 1774 2452 1998 2505; x_wconf 88' lang='lat' dir='ltr'><em>proposuit,</em></span> <span class='ocrx_word' id='word_1_422' title='bbox 2035 2453 2289 2493; x_wconf 85' lang='lat' dir='ltr'><em>retinendum</em></span> 
     </span>
     <span class='ocr_line' id='line_1_34' title="bbox 309 2524 2289 2577; baseline 0 -13"><span class='ocrx_word' id='word_1_423' title='bbox 309 2539 431 2564; x_wconf 91' lang='lat' dir='ltr'><em>unum</em></span> <span class='ocrx_word' id='word_1_424' title='bbox 447 2524 569 2575; x_wconf 87' lang='lat' dir='ltr'><em>illam,</em></span> <span class='ocrx_word' id='word_1_425' title='bbox 587 2524 820 2564; x_wconf 89' lang='lat' dir='ltr'><em>recentioris</em></span> <span class='ocrx_word' id='word_1_426' title='bbox 837 2525 977 2565; x_wconf 83' lang='lat' dir='ltr'><em>aetatis</em></span> <span class='ocrx_word' id='word_1_427' title='bbox 993 2525 1164 2565; x_wconf 90' lang='lat' dir='ltr'><em>editores</em></span> <span class='ocrx_word' id='word_1_428' title='bbox 1181 2524 1361 2577; x_wconf 87' lang='lat' dir='ltr'><em>plerique</em></span> <span class='ocrx_word' id='word_1_429' title='bbox 1377 2538 1513 2565; x_wconf 90' lang='lat' dir='ltr'><em>omnes</em></span> <span class='ocrx_word' id='word_1_430' title='bbox 1530 2525 1570 2564; x_wconf 91' lang='lat' dir='ltr'><em>in</em></span> <span class='ocrx_word' id='word_1_431' title='bbox 1586 2524 1689 2565; x_wconf 90' lang='lat' dir='ltr'><em>hanc</em></span> <span class='ocrx_word' id='word_1_432' title='bbox 1704 2525 1945 2565; x_wconf 83' lang='lat' dir='ltr'><em>sententiam</em></span> <span class='ocrx_word' id='word_1_433' title='bbox 1963 2524 2130 2577; x_wconf 90' lang='lat' dir='ltr'><em>pedibus</em></span> <span class='ocrx_word' id='word_1_434' title='bbox 2147 2525 2289 2565; x_wconf 86' lang='lat' dir='ltr'><em>ierunt.</em></span> 
     </span>
    </p>

    <p class='ocr_par' dir='ltr' id='par_1_7' title="bbox 508 2588 2292 2649">
     <span class='ocr_line' id='line_1_35' title="bbox 508 2588 2292 2649; baseline 0.001 -14"><span class='ocrx_word' id='word_1_435' title='bbox 508 2595 731 2647; x_wconf 88' lang='lat' dir='ltr'><em>Utrumque</em></span> <span class='ocrx_word' id='word_1_436' title='bbox 760 2602 866 2636; x_wconf 83' lang='lat' dir='ltr'><em>recte</em></span> <span class='ocrx_word' id='word_1_437' title='bbox 897 2588 1017 2637; x_wconf 76' lang='lat' dir='ltr'><em>scribi</em></span> <span class='ocrx_word' id='word_1_438' title='bbox 1047 2597 1225 2649; x_wconf 89' lang='lat' dir='ltr'><em>potuisse</em></span> <span class='ocrx_word' id='word_1_439' title='bbox 1258 2596 1347 2649; x_wconf 89' lang='lat' dir='ltr'><em>quis</em></span> <span class='ocrx_word' id='word_1_440' title='bbox 1379 2597 1552 2648; x_wconf 85' lang='lat' dir='ltr'><em>negabit,</em></span> <span class='ocrx_word' id='word_1_441' title='bbox 1585 2604 1664 2636; x_wconf 86' lang='lat' dir='ltr'><em>tam</em></span> <span class='ocrx_word' id='word_1_442' title='bbox 1691 2597 1812 2648; x_wconf 82' lang='lat' dir='ltr'><em>illam,</em></span> <span class='ocrx_word' id='word_1_443' title='bbox 1844 2596 1948 2649; x_wconf 90' lang='lat' dir='ltr'><em>quod</em></span> <span class='ocrx_word' id='word_1_444' title='bbox 1976 2610 2053 2649; x_wconf 90' lang='lat' dir='ltr'><em>quo</em></span> <span class='ocrx_word' id='word_1_445' title='bbox 2079 2597 2292 2636; x_wconf 86' lang='lat' dir='ltr'><em>referretur</em></span> 
     </span>
    </p>

    <p class='ocr_par' dir='ltr' id='par_1_8' title="bbox 309 2668 2296 3083">
     <span class='ocr_line' id='line_1_36' title="bbox 309 2668 2287 2722; baseline -0.001 -13"><span class='ocrx_word' id='word_1_446' title='bbox 309 2683 379 2721; x_wconf 91' lang='lat' dir='ltr'><em>per</em></span> <span class='ocrx_word' id='word_1_447' title='bbox 409 2683 451 2709; x_wconf 91' lang='lat' dir='ltr'><em>se</em></span> <span class='ocrx_word' id='word_1_448' title='bbox 482 2669 579 2708; x_wconf 86' lang='lat' dir='ltr'><em>satis</em></span> <span class='ocrx_word' id='word_1_449' title='bbox 610 2668 867 2708; x_wconf 81' lang='lat' dir='ltr'><em>manifestum</em></span> <span class='ocrx_word' id='word_1_450' title='bbox 897 2676 991 2721; x_wconf 88' lang='lat' dir='ltr'><em>erat,</em></span> <span class='ocrx_word' id='word_1_451' title='bbox 1023 2684 1144 2722; x_wconf 88' lang='lat' dir='ltr'><em>quam</em></span> <span class='ocrx_word' id='word_1_452' title='bbox 1172 2669 1285 2708; x_wconf 86' lang='lat' dir='ltr'><em>illam</em></span> <span class='ocrx_word' id='word_1_453' title='bbox 1313 2669 1472 2719; x_wconf 88' lang='lat' dir='ltr'><em>lancem,</em></span> <span class='ocrx_word' id='word_1_454' title='bbox 1504 2668 1608 2721; x_wconf 91' lang='lat' dir='ltr'><em>quod</em></span> <span class='ocrx_word' id='word_1_455' title='bbox 1639 2675 1745 2708; x_wconf 88' lang='lat' dir='ltr'><em>certe</em></span> <span class='ocrx_word' id='word_1_456' title='bbox 1776 2669 1844 2708; x_wconf 91' lang='lat' dir='ltr'><em>illo</em></span> <span class='ocrx_word' id='word_1_457' title='bbox 1877 2668 2051 2708; x_wconf 88' lang='lat' dir='ltr'><em>deterius</em></span> <span class='ocrx_word' id='word_1_458' title='bbox 2082 2682 2162 2707; x_wconf 91' lang='lat' dir='ltr'><em>non</em></span> <span class='ocrx_word' id='word_1_459' title='bbox 2193 2675 2287 2720; x_wconf 88' lang='lat' dir='ltr'><em>erat,</em></span> 
     </span>
     <span class='ocr_line' id='line_1_37' title="bbox 310 2738 2290 2793; baseline 0 -13"><span class='ocrx_word' id='word_1_460' title='bbox 310 2740 634 2793; x_wconf 86' lang='lat' dir='ltr'><em>quandoquidem</em></span> <span class='ocrx_word' id='word_1_461' title='bbox 655 2738 891 2780; x_wconf 87' lang='lat' dir='ltr'><em>Ciceronem</em></span> <span class='ocrx_word' id='word_1_462' title='bbox 913 2747 1068 2780; x_wconf 84' lang='lat' dir='ltr'><em>constat</em></span> <span class='ocrx_word' id='word_1_463' title='bbox 1097 2755 1216 2793; x_wconf 88' lang='lat' dir='ltr'><em>saepe</em></span> <span class='ocrx_word' id='word_1_464' title='bbox 1246 2740 1470 2792; x_wconf 88' lang='lat' dir='ltr'><em>pronomini</em></span> <span class='ocrx_word' id='word_1_465' title='bbox 1501 2754 1643 2779; x_wconf 92' lang='lat' dir='ltr'><em>nomen</em></span> <span class='ocrx_word' id='word_1_466' title='bbox 1675 2741 1795 2780; x_wconf 85' lang='lat' dir='ltr'><em>etiam</em></span> <span class='ocrx_word' id='word_1_467' title='bbox 1824 2746 1982 2792; x_wconf 86' lang='lat' dir='ltr'><em>praeter</em></span> <span class='ocrx_word' id='word_1_468' title='bbox 2010 2741 2290 2781; x_wconf 84' lang='lat' dir='ltr'><em>necessitatem</em></span> 
     </span>
     <span class='ocr_line' id='line_1_38' title="bbox 310 2811 2292 2865; baseline 0.001 -14"><span class='ocrx_word' id='word_1_469' title='bbox 310 2812 456 2851; x_wconf 91' lang='lat' dir='ltr'><em>addere</em></span> <span class='ocrx_word' id='word_1_470' title='bbox 487 2812 630 2863; x_wconf 88' lang='lat' dir='ltr'><em>solere,</em></span> <span class='ocrx_word' id='word_1_471' title='bbox 670 2811 779 2850; x_wconf 88' lang='lat' dir='ltr'><em>velut</em></span> <span class='ocrx_word' id='word_1_472' title='bbox 814 2811 862 2850; x_wconf 91' lang='lat' dir='ltr'><em>de</em></span> <span class='ocrx_word' id='word_1_473' title='bbox 892 2812 1034 2851; x_wconf 89' lang='lat' dir='ltr'><em>officiis</em></span> <span class='ocrx_word' id='word_1_474' title='bbox 1064 2825 1078 2852; x_wconf 94' lang='lat'>1</span> <span class='ocrx_word' id='word_1_475' title='bbox 1107 2813 1172 2862; x_wconf 87' lang='grc'><em>44,</em></span> <span class='ocrx_word' id='word_1_476' title='bbox 1202 2812 1281 2851; x_wconf 82' lang='lat'><em>158</em></span> <span class='ocrx_word' id='word_1_477' title='bbox 1316 2825 1406 2864; x_wconf 78' lang='lat' dir='ltr'><em>eryo</em></span> <span class='ocrx_word' id='word_1_478' title='bbox 1433 2825 1542 2852; x_wconf 88' lang='lat' dir='ltr'><em>omne</em></span> <span class='ocrx_word' id='word_1_479' title='bbox 1569 2813 1741 2864; x_wconf 74' lang='lat' dir='ltr'><em>officium</em></span> <span class='ocrx_word' id='word_1_480' title='bbox 1773 2814 1878 2865; x_wconf 84' lang='lat' dir='ltr'><em>quod</em></span> <span class='ocrx_word' id='word_1_481' title='bbox 1903 2813 1957 2851; x_wconf 88' lang='lat' dir='ltr'><em>ad</em></span> <span class='ocrx_word' id='word_1_482' title='bbox 1983 2814 2292 2853; x_wconf 86' lang='lat' dir='ltr'><em>coniunctionem</em></span> 
     </span>
     <span class='ocr_line' id='line_1_39' title="bbox 311 2884 2293 2938; baseline 0.002 -16"><span class='ocrx_word' id='word_1_483' title='bbox 311 2884 510 2923; x_wconf 75' lang='lat' dir='ltr'><em>hominum</em></span> <span class='ocrx_word' id='word_1_484' title='bbox 530 2892 565 2923; x_wconf 89' lang='lat' dir='ltr'><em>et</em></span> <span class='ocrx_word' id='word_1_485' title='bbox 584 2885 638 2922; x_wconf 86' lang='lat' dir='ltr'><em>ad</em></span> <span class='ocrx_word' id='word_1_486' title='bbox 656 2885 876 2923; x_wconf 70' lang='lat' dir='ltr'><em>societatem</em></span> <span class='ocrx_word' id='word_1_487' title='bbox 895 2885 1077 2924; x_wconf 85' lang='lat' dir='ltr'><em>tuendam</em></span> <span class='ocrx_word' id='word_1_488' title='bbox 1095 2885 1211 2930; x_wconf 80' lang='lat' dir='ltr'><em>valet,</em></span> <span class='ocrx_word' id='word_1_489' title='bbox 1237 2886 1547 2935; x_wconf 87' lang='lat' dir='ltr'><em>anteponendum</em></span> <span class='ocrx_word' id='word_1_490' title='bbox 1567 2893 1622 2925; x_wconf 74' lang='lat' dir='ltr'><em>eet</em></span> <span class='ocrx_word' id='word_1_491' title='bbox 1648 2886 1731 2925; x_wconf 84' lang='lat' dir='ltr'><em>illi</em></span> <span class='ocrx_word' id='word_1_492' title='bbox 1750 2885 1922 2936; x_wconf 86' lang='lat' dir='ltr'><em>officio</em></span> <span class='ocrx_word' id='word_1_493' title='bbox 1951 2886 2057 2937; x_wconf 85' lang='lat' dir='ltr'><em>quod</em></span> <span class='ocrx_word' id='word_1_494' title='bbox 2075 2888 2293 2938; x_wconf 75' lang='lat' dir='ltr'><em>coqnitione</em></span> 
     </span>
     <span class='ocr_line' id='line_1_40' title="bbox 311 2954 2293 3013; baseline 0.002 -19"><span class='ocrx_word' id='word_1_495' title='bbox 311 2963 346 2995; x_wconf 89' lang='lat' dir='ltr'><em>et</em></span> <span class='ocrx_word' id='word_1_496' title='bbox 364 2957 527 2995; x_wconf 72' lang='lat' dir='ltr'><em>scientia</em></span> <span class='ocrx_word' id='word_1_497' title='bbox 552 2957 781 3004; x_wconf 82' lang='lat' dir='ltr'><em>continetur,</em></span> <span class='ocrx_word' id='word_1_498' title='bbox 814 2962 853 2994; x_wconf 88' lang='lat' dir='ltr'><em>et</em></span> <span class='ocrx_word' id='word_1_499' title='bbox 874 2954 1033 2995; x_wconf 87' lang='lat' dir='ltr'><em>Tuscul.</em></span> <span class='ocrx_word' id='word_1_500' title='bbox 1056 2956 1156 3008; x_wconf 90' lang='lat' dir='ltr'><em>disp.</em></span> <span class='ocrx_word' id='word_1_501' title='bbox 1179 2968 1207 2995; x_wconf 94' lang='lat' dir='ltr'>v</span> <span class='ocrx_word' id='word_1_502' title='bbox 1228 2956 1292 3006; x_wconf 85' lang='lat'><em>34,</em></span> <span class='ocrx_word' id='word_1_503' title='bbox 1315 2956 1365 2994; x_wconf 83' lang='lat'><em>97</em></span> <span class='ocrx_word' id='word_1_504' title='bbox 1389 2970 1458 3013; x_wconf 77' lang='lat' dir='ltr'><em>nec</em></span> <span class='ocrx_word' id='word_1_505' title='bbox 1479 2959 1646 2996; x_wconf 69' lang='lat' dir='ltr'><em>esuriens</em></span> <span class='ocrx_word' id='word_1_506' title='bbox 1668 2957 1919 2996; x_wconf 71' lang='lat' dir='ltr'><em>Ptolomaeus</em></span> <span class='ocrx_word' id='word_1_507' title='bbox 1944 2957 2076 2996; x_wconf 88' lang='lat' dir='ltr'><em>ederat</em></span> <span class='ocrx_word' id='word_1_508' title='bbox 2083 2972 2096 3005; x_wconf 89' lang='lat'><em>;</em></span> <span class='ocrx_word' id='word_1_509' title='bbox 2124 2959 2189 2996; x_wconf 88' lang='lat' dir='ltr'><em>cui</em></span> <span class='ocrx_word' id='word_1_510' title='bbox 2206 2972 2293 2997; x_wconf 87' lang='lat' dir='ltr'><em>cum</em></span> 
     </span>
     <span class='ocr_line' id='line_1_41' title="bbox 312 3026 2296 3083; baseline 0.002 -16"><span class='ocrx_word' id='word_1_511' title='bbox 312 3028 549 3081; x_wconf 62' lang='lat' dir='ltr'><em>peragranti</em></span> <span class='ocrx_word' id='word_1_512' title='bbox 567 3026 792 3081; x_wconf 73' lang='lat' dir='ltr'><em>Aeyyptum</em></span> <span class='ocrx_word' id='word_1_513' title='bbox 818 3026 1021 3068; x_wconf 70' lang='lat' dir='ltr'><em>comitibus</em></span> <span class='ocrx_word' id='word_1_514' title='bbox 1046 3042 1125 3068; x_wconf 84' lang='lat' dir='ltr'><em>non</em></span> <span class='ocrx_word' id='word_1_515' title='bbox 1147 3029 1360 3068; x_wconf 71' lang='lat' dir='ltr'><em>consecutis</em></span> <span class='ocrx_word' id='word_1_516' title='bbox 1391 3027 1562 3069; x_wconf 71' lang='lat' dir='ltr'><em>cibarius</em></span> <span class='ocrx_word' id='word_1_517' title='bbox 1585 3031 1628 3069; x_wconf 89' lang='lat' dir='ltr'><em>in</em></span> <span class='ocrx_word' id='word_1_518' title='bbox 1654 3044 1745 3069; x_wconf 77' lang='lat' dir='ltr'><em>caea</em></span> <span class='ocrx_word' id='word_1_519' title='bbox 1767 3030 1887 3083; x_wconf 73' lang='lat' dir='ltr'><em>panie</em></span> <span class='ocrx_word' id='word_1_520' title='bbox 1912 3029 2026 3069; x_wconf 71' lang='lat' dir='ltr'><em>datus</em></span> <span class='ocrx_word' id='word_1_521' title='bbox 2050 3037 2162 3080; x_wconf 70' lang='lat' dir='ltr'><em>esset,</em></span> <span class='ocrx_word' id='word_1_522' title='bbox 2194 3031 2296 3072; x_wconf 73' lang='lat' dir='ltr'><em>nihil</em></span> 
     </span>
    </p>
   </div>
  </div>
 </body>
</html>
