2634 3457
1285 108 1336 148 16

319 216 358 253 in
391 215 505 255 libris
534 230 580 255 ea
601 216 717 256 aliter
739 217 922 256 ordinata
943 232 1030 257 esse
1052 218 1237 256 diximus.
1285 216 1364 256 Sed
1386 217 1527 256 melius
1549 222 1588 256 ct
1609 216 1658 255 ad
1679 216 1913 255 memoriam
1935 216 2125 255 librorum
2148 230 2299 256 accom-

318 287 520 328 modatius
550 288 661 341 haec,
695 291 924 343 ceteroquin
955 289 1146 341 Madvigii
1176 290 1399 330 rationibus
1430 290 1620 343 probatis,
1651 289 1867 329 Muellerus
1897 288 2033 340 edidit,
2066 302 2155 328 cum
2177 303 2223 328 ea
2243 289 2301 328 sic

319 360 447 398 notari
479 361 618 400 mallet
647 364 839 414 sapientes
868 359 1059 411 [utentes]
1087 369 1302 413 sequuntur
1322 364 1417 401 duee
1435 369 1579 401 natura
1598 358 1856 413 [tamquam]
1897 360 2076 411 Longius
2097 361 2298 413 profectus

320 433 504 475 Baiterus
536 436 576 474 in
610 442 772 488 utraque
803 449 922 487 quam
953 435 1108 486 paravit
1137 435 1324 486 editione,
1357 449 1434 487 quo
1465 434 1629 475 nitidior
1659 441 1765 474 esset
1794 439 1925 473 textus
1956 432 2084 471 forma
2110 446 2209 472 neve
2231 448 2299 472 un-

320 518 455 544 corum
488 506 682 557 quadrata
711 507 838 557 figura
867 506 1083 556 legentium
1115 507 1250 546 oculos
1282 508 1459 557 violaret,
1492 520 1592 559 quae
1616 506 1671 544 illi
1695 506 1883 544 uncinata
1904 504 2099 543 dedorunt
2125 510 2166 542 ut
2185 504 2320 555 falsas.

323 590 373 615 ne
404 577 589 615 toleravit
618 577 777 628 quidem
808 577 846 615 in
878 577 1035 617 ordine:
1073 591 1173 629 quae
1203 580 1357 630 quidem
1388 579 1581 630 sapientes
1610 584 1825 629 sequuntur
1853 578 1948 614 duce
1976 583 2132 613 natura.
2173 576 2297 626 Atqui

321 648 362 685 in
393 646 456 686 his
487 654 528 685 ut
557 647 657 685 nihil
688 654 749 687 est
775 648 965 687 nimirum
994 648 1239 700 offensionis,
1273 650 1327 688 ita
1348 664 1397 688 ne
1418 648 1516 688 illud
1539 648 1699 700 quidem
1720 647 1952 699 perspicias,
1985 647 2053 698 qui
2078 646 2225 686 factum
2248 647 2301 686 sit

322 719 360 757 in
392 718 465 757 hac
496 719 569 758 sim
600 718 794 759 licissima
824 720 1003 759 oratione
1034 725 1076 759 ut
1106 720 1237 760 aliena
1268 719 1478 760 sedulitate
1512 719 1582 759 illa
1618 718 1694 758 duo
1733 718 1927 758 vocabula
1963 723 2002 757 et
2031 718 2107 758 isto
2138 716 2298 770 quidem

321 791 457 830 ordine
478 790 579 830 adde
605 797 731 831 entur.
763 791 817 831 Et
837 792 935 832 haec
957 792 1203 844 deliberatio,
1233 807 1310 845 qua
1330 792 1431 832 nihil
1452 793 1578 844 magis
1600 792 1640 830 in
1661 797 1845 844 promptu
1867 796 1962 840 erat,
1985 789 2147 828 tandem
2168 790 2299 841 ipsum

319 862 491 901 advertit
525 863 592 902 Ma
625 864 774 916 vigium
811 865 878 916 qui
915 878 938 903 a
978 865 1083 905 1869
1112 865 1152 903 in
1184 865 1309 904 altera
1338 865 1512 904 editione
1543 864 1790 903 adnotationi
1821 877 1899 915 qua
1929 862 2180 900 manifestam
2212 875 2299 900 esse

319 936 601 987 interpolation
699 936 967 976 affirmaverat
997 937 1095 976 haec
1117 937 1279 977 adiecit:
1305 936 1472 977 “verum
1500 937 1603 986 unde
1632 937 1729 975 haec
1751 936 1949 975 ascribere
1971 934 2019 973 ad
2041 935 2137 974 duce
2155 942 2300 973 natura

319 1008 504 1059 cuiquam
534 1008 575 1047 in
605 1014 780 1213 ωἶῖθω
811 1009 946 1048 venit?
976 1015 1015 1048 et
1045 1008 1112 1061 qui
1142 1009 1200 1048 sic
1231 1008 1423 1048 distracta
1452 1014 1491 1048 et
1520 1008 1762 1061 transposita
1793 1007 1914 1047 verba
1935 1013 2037 1057 sunt,
2070 1006 2235 1046 alterum
2258 1007 2298 1045 in

319 1080 516 1130 omnibus,
544 1080 643 1118 alter
675 1094 711 1118 m
740 1080 780 1118 in
809 1080 1042 1120 melioribus
1070 1079 1302 1120 codicibus?
1339 1081 1436 1119 latet
1464 1080 1615 1132 aliquid
1646 1078 1884 1129 huiusmodi,
1923 1093 2021 1131 quae
2050 1079 2206 1131 quidem
2239 1092 2298 1117 sa-

316 1153 464 1203 pientes
494 1153 676 1190 vidente
729 1160 945 1203 sequuntur
974 1153 1069 1190 duce
1097 1159 1241 1190 natura
1271 1166 1366 1190 eam
1394 1148 1555 1190 viam.''
1614 1151 1673 1190 De
1701 1150 1938 1189 emendandi
1965 1151 2173 1189 conamine
2204 1150 2299 1202 quid

319 1223 577 1262 iudicandum
608 1224 659 1262 sit
689 1230 829 1274 postea
858 1223 1094 1262 videbimus.
1143 1222 1222 1262 Sed
1254 1224 1353 1262 illud
1389 1224 1595 1262 verissime
1626 1230 1668 1261 ut
1697 1229 1881 1274 putamus
1912 1223 2075 1273 negavit
2109 1221 2298 1261 credibile

320 1307 406 1333 esse
436 1293 506 1333 illa
536 1292 613 1333 duo
646 1293 854 1345 vocabula,
893 1293 949 1333 ita
979 1300 1163 1346 separata
1193 1294 1442 1347 praesertim,
1480 1307 1592 1333 suam
1629 1293 1881 1345 glossematis
1918 1293 2111 1345 originem
2141 1292 2297 1332 debere.

319 1363 398 1403 Sed
430 1365 532 1404 hanc
560 1365 861 1417 prudentissimi
894 1366 1064 1404 hominis
1096 1366 1484 1405 animadversionem
1515 1366 1756 1404 novissimus
1778 1365 1907 1404 editor
1927 1372 1995 1404 aut
2014 1366 2212 1416 ignoravit
2233 1371 2300 1404 aut

320 1438 575 1488 contempsit,
608 1444 713 1476 certe
744 1437 918 1488 perrexit
937 1436 1086 1475 Baiteri
1109 1437 1278 1487 vestigia
1307 1437 1449 1487 legere.
1491 1435 1559 1475 Sic
1580 1437 1682 1475 enim
1706 1437 1836 1475 solent
1856 1436 2048 1487 praeclari
2070 1436 2208 1486 critici,
2231 1437 2299 1487 qui

320 1509 414 1560 quia
437 1510 621 1548 rescissis
644 1509 797 1548 duobus
824 1508 1027 1547 vocabulis
1054 1514 1177 1547 restat
1203 1509 1327 1548 oratio
1351 1523 1428 1548 non
1450 1507 1736 1560 vituperabilis,
1766 1508 1806 1546 in
1829 1521 1875 1547 ea
1895 1508 2166 1560 acquiescunt,
2199 1508 2298 1547 nihil

320 1580 437 1619 anxie
463 1587 698 1632 quaerentes
722 1579 826 1619 unde
849 1580 1117 1619 accessionem
1138 1581 1256 1620 istam
1271 1580 1417 1619 factam
1438 1586 1633 1631 putemus,
1651 1593 1769 1632 quam
1790 1579 1973 1618 auferunt
1994 1579 2055 1618 vel
2077 1579 2297 1619 secludunt.

320 1650 447 1701 Quasi
478 1666 571 1692 vero
603 1652 683 1691 ulla
712 1653 814 1692 ratio
845 1657 1026 1691 constare
1056 1658 1203 1704 posset,
1234 1652 1345 1691 cuius
1376 1665 1468 1704 pars
1499 1652 1623 1691 altera
1653 1652 1693 1690 in
1724 1652 1893 1691 obscuro
1925 1651 2032 1690 latet.

517 1724 601 1763 Nos
638 1730 681 1762 ut
715 1724 873 1775 penitus
910 1724 1174 1775 perspiciatur
1204 1724 1237 1762 si
1268 1725 1352 1762 fieri
1384 1724 1522 1774 possit,
1555 1723 1651 1774 quid
1683 1723 1845 1761 tandem
1875 1723 2108 1762 offensionis
2139 1729 2206 1762 aut
2240 1724 2299 1762 in-

319 1795 513 1835 solentiae
545 1795 691 1835 habere
722 1796 901 1835 dicamus
922 1796 1042 1834 istam
1063 1810 1183 1847 quam
1204 1795 1427 1835 excutimus
1449 1795 1680 1845 orationem,
1714 1795 1933 1835 omittimus
1955 1795 2158 1847 paulisper
2178 1795 2299 1835 tradi-

319 1872 401 1906 tam
432 1868 515 1907 eius
546 1868 783 1920 scripturam
815 1874 853 1906 et
883 1867 1174 1919 proficiscimur
1203 1867 1253 1906 ab
1275 1880 1321 1905 ea
1341 1867 1467 1905 forma
1487 1880 1587 1918 quae
1610 1867 1706 1905 olim
1727 1867 1845 1917 vulgo
1867 1867 1959 1906 inde
1980 1882 2003 1906 a
2024 1867 2204 1906 Manutio
2227 1868 2298 1906 cir·

320 1939 505 1978 cumferri
536 1940 701 1979 solebat.
740 1939 853 1978 Haec
882 1940 1004 1990 igitur
1032 1940 1072 1978 in
1104 1940 1192 1978 istis
1224 1940 1508 1978 vetustioribus
1530 1939 1771 1978 editionibus
1791 1940 1993 1990 leguntur:
2027 1953 2127 1992 quae
2143 1941 2299 1991 quidem

317 2012 511 2062 eapientee
531 2018 758 2062 sequuntur,
791 2018 935 2049 utentes
960 2018 1160 2062 tamquam
1181 2010 1276 2048 duce
1297 2018 1451 2049 natura.
1493 2009 1605 2059 Quae
1630 2011 1751 2050 verba
1779 2011 1846 2063 qui
1865 2009 2072 2050 Ciceronis
2104 2025 2213 2050 more
2244 2011 2298 2049 lo-

320 2081 548 2132 quendique
571 2095 644 2121 usu
666 2082 948 2130 aestimaverit,
980 2081 1179 2132 intelliget
1205 2081 1307 2119 nihil
1333 2081 1479 2120 habere
1505 2081 1609 2133 quod
1637 2082 1742 2120 hunc
1763 2083 1998 2133 scriptorem
2019 2082 2210 2121 dedeceat
2231 2089 2299 2121 aut

320 2151 444 2190 ullum
473 2152 636 2191 dubium
663 2166 821 2191 movere
852 2152 899 2190 de
926 2153 1153 2191 sinceritate
1180 2153 1318 2204 possit.
1352 2150 1419 2190 Sic
1440 2152 1545 2190 enim
1568 2153 1707 2191 scribit
1728 2150 1873 2192 Cicero
1895 2153 1936 2191 in
1958 2152 2197 2192 Tusculanis
2220 2154 2298 2192 dis-

319 2223 595 2274 putationibus
616 2235 661 2263 111
693 2224 754 2273 17,
777 2223 827 2262 37
860 2225 913 2262 ad
941 2224 1033 2262 haee
1063 2224 1163 2262 bona
1194 2237 1251 2262 me
1279 2225 1317 2262 ei
1342 2236 1511 2274 revocas,
1544 2223 1729 2276 Epicure,
1756 2237 1894 2276 pareo,
1922 2238 2105 2276 sequor,
2133 2232 2238 2264 utor
2259 2233 2299 2264 te

318 2296 422 2347 ipso
454 2295 582 2345 duce,
616 2294 824 2334 obliviscor
848 2297 963 2334 etiam
987 2296 1197 2342 ‘malorena
1223 2295 1415 2334 Academ.
1442 2307 1458 2335 1
1483 2296 1520 2340 8,
1548 2295 1601 2335 32
1625 2303 1716 2348 poet
1739 2297 1979 2347 arqumentis
2006 2296 2239 2348 quibusdam
2265 2306 2300 2337 et

318 2380 450 2405 rerum
469 2369 571 2405 notis
593 2369 735 2419 quasi
753 2367 944 2405 ducibus
965 2368 1215 2406 utebantur
1235 2369 1289 2406 ad
1305 2368 1554 2419 probandum
1584 2376 1618 2406 et
1642 2369 1696 2407 ad
1715 2369 2023 2407 concludendum
2042 2370 2086 2408 id
2106 2372 2212 2421 qaod
2232 2384 2297 2410 ex-

317 2439 484 2490 planari
501 2439 701 2479 volebant.-
722 2446 907 2491 putamus
929 2439 1035 2478 enim
1051 2439 1107 2478 ita
1124 2446 1228 2478 recte
1246 2440 1366 2479 scribi
1383 2438 1550 2480 Davisio
1567 2446 1727 2480 auctore
1745 2455 1815 2493 pro
1833 2441 1889 2481 eis
1906 2455 2007 2493 quae
2027 2440 2119 2482 libri
2138 2442 2299 2484 tradunt

320 2518 354 2550 et
375 2512 492 2563 quasi
508 2524 640 2550 rerum
660 2512 761 2551 notis
782 2510 945 2551 ducibus
952 2525 965 2558 3
987 2510 1158 2563 denique
1175 2509 1334 2550 Tuscul.
1359 2511 1503 2563 disput.
1521 2523 1563 2551 1v
1580 2514 1643 2563 30,
1663 2513 1716 2552 64
1736 2513 1810 2552 alii
1828 2520 1969 2552 metum
1987 2514 2299 2565 praemolestiam

319 2582 585 2635 appellabant,
608 2585 714 2634 quod
732 2591 827 2622 esset
847 2585 985 2634 quasi
1003 2584 1094 2620 dux
1113 2585 1380 2633 consequentis
1394 2584 1606 2630 ”molestiam
1629 2585 1773 2635 quibus
1791 2585 1928 2623 addita
1944 2586 2025 2623 sint
2042 2586 2188 2624 similia
2200 2587 2298 2626 haec

321 2654 370 2693 de
403 2660 547 2693 natura
573 2653 736 2693 deorum
761 2667 776 2694 1
803 2656 865 2704 15,
890 2655 944 2694 40
967 2655 1072 2707 'leyie
1094 2662 1308 2707 perpetuae
1336 2661 1370 2693 et
1394 2662 1571 2694 aeternae
1595 2657 1692 2707 vim,
1729 2670 1830 2708 quae
1856 2658 1994 2708 quasi
2018 2657 2115 2696 dua·
2138 2659 2241 2697 vitae
2266 2667 2300 2698 et

321 2727 511 2779 mayistra
532 2726 751 2776 officiorum
770 2727 831 2765 eit.
875 2725 952 2766 His
972 2726 1094 2777 igitur
1113 2726 1241 2765 tribus
1263 2732 1331 2765 aut
1352 2732 1520 2778 quatuor
1549 2728 1749 2783 exemplis,
1764 2727 1945 2767 videmur
1965 2734 2119 2767 tantum
2140 2729 2296 2782 vicisse,

320 2797 490 2849 primum
514 2802 556 2836 ut
575 2804 790 2849 sequuntur
818 2805 990 2836 utentes
1021 2799 1117 2837 duce
1145 2805 1291 2836 natura
1319 2804 1425 2837 recte
1455 2812 1502 2837 ac
1532 2799 1579 2838 de
1600 2814 1708 2839 more
1730 2800 1808 2839 dici
1828 2800 2093 2851 intelligatur3
2124 2802 2298 2842 secundo

321 2873 453 2907 autem
475 2869 562 2907 loco
578 2876 724 2908 utentes
743 2876 975 2921 tamquam
994 2871 1090 2908 duce
1108 2877 1254 2908 natura
1274 2870 1451 2922 ineptum
1472 2884 1551 2909 non
1573 2885 1660 2911 esse
1681 2879 1749 2911 aut
1768 2872 1964 2920 insolens3
1986 2872 2027 2911 in
2049 2886 2127 2924 qua
2142 2888 2183 2913 re
2199 2873 2299 2913 illud

321 2940 720 2980 animadvertendum
751 2947 822 2991 est,
855 2941 989 2980 ducem
1019 2947 1058 2981 et
1087 2941 1163 2981 hoc
1193 2942 1280 2981 loco
1311 2948 1350 2980 et
1378 2942 1459 2982 illis
1490 2943 1761 2996 superioribus
1793 2943 1872 2983 dici
1902 2945 2036 2983 ducem
2060 2947 2157 2996 viae,
2189 2952 2228 2984 et
2256 2946 2298 2985 in

321 3013 491 3065 figurata
520 3013 709 3066 oratione,
743 3013 873 3067 qualis
898 3012 994 3053 haec
1016 3019 1086 3065 est,
1116 3019 1195 3053 tam
1224 3019 1329 3053 recte
1358 3013 1449 3053 addi
1472 3028 1588 3068 quam
1610 3016 1739 3055 omitti
1758 3015 1974 3069 particulas
1995 3018 2297 3070 comparativas,
