2634 3457
1272 105 1326 144 22

304 215 448 255 litteris
475 228 665 268 expressa
684 215 866 267 legimus,
888 216 1001 255 illam
1026 213 1238 267 [bonorum
1258 212 1404 266 animi]
1433 215 1591 265 lancem,
1622 213 1698 253 hoc
1723 226 1881 266 quoque
1907 212 2177 253 intelleximus
2203 213 2285 252 iam

303 287 519 326 Ernestum
553 287 611 326 ita
636 287 828 338 edidisse,
857 286 1049 327 Wolfium
1080 295 1234 327 tantum
1261 301 1382 327 uncos
1411 286 1624 326 addidisse.
1672 285 1737 325 Ex
1765 284 1970 325 Orelliana
1994 290 2127 324 autem
2155 285 2285 337 prima

305 357 518 397 didicimus
545 358 641 397 olim
666 358 789 398 fuisse
816 358 915 398 adeo
941 360 1009 411 qui
1035 359 1110 398 hoc
1139 360 1271 410 ipsum·
1296 359 1337 398 in
1358 359 1507 410 optimo
1529 357 1665 397 codice
1685 356 1812 407 Regio
1833 356 1912 407 legi
1933 355 2141 395 crederent
2159 354 2283 408 (quod

304 443 411 468 nunc
432 436 678 482 compertum
700 437 760 469 est
780 444 917 470 verum
938 445 1018 469 non
1039 430 1155 480 esse),
1188 436 1226 468 et
1252 430 1429 469 eiusdem
1450 430 1668 482 scripturae
1690 429 1809 468 etiam
1830 428 1952 467 alium
1972 427 2120 467 librum
2141 433 2282 467 testem

305 502 433 541 citari.
463 502 575 541 Haec
597 502 690 541 dum
712 502 947 553 colligimus,
970 503 1214 541 mirabamur
1228 503 1431 540 neminem
1447 515 1497 541 ex
1513 508 1570 541 tot
1585 501 1803 541 editoribus
1819 501 1899 540 iam
1920 499 2014 539 inde
2037 514 2061 539 a
2076 499 2284 539 Turicensi

305 574 431 613 altera
460 588 495 612 a.
520 574 622 613 1861
652 573 767 613 huius
795 574 1013 626 scripturae
1040 573 1284 612 mentionem
1311 573 1466 613 fecisse.
1516 571 1648 621 Quam
1675 573 1709 613 si
1735 586 1816 612 non
1843 571 2011 611 dicimus
2038 571 2285 624 recepissent

306 645 377 685 sed
402 651 556 684 tantum
582 650 885 695 memorassent,
924 643 1114 684 credibile
1142 650 1203 684 est
1228 644 1383 696 pridem
1409 645 1612 684 exstitisse
1633 644 1701 696 qui
1722 658 1810 684 eam
1838 644 1980 684 ceteris
2007 642 2283 683 conaminibus

305 731 392 755 esse
413 716 712 768 praeferendam
738 716 990 766 intelligeret.
1033 714 1146 764 Quae
1173 716 1267 753 licet
1292 714 1392 753 nihil
1419 715 1472 754 sit
1497 715 1576 753 nisi
1603 715 1709 754 docti
1730 714 1904 754 hominis
1925 715 2166 764 coniectura,
2200 714 2284 753 sive

304 802 351 826 ea
374 792 531 839 reperta
557 793 617 826 est
642 787 683 826 in
710 785 842 839 aliquo
870 785 1005 825 codice
1031 785 1116 826 sive
1142 786 1184 825 in
1210 785 1336 836 nullo,
1369 792 1502 825 tamen
1529 799 1664 825 veram
1692 799 1778 825 esse
1805 786 1921 825 nobis
1948 785 2218 838 persuasimus
2246 791 2285 824 et

304 856 485 898 Ciceroni
509 858 755 910 postliminio
776 858 1075 898 restituendam.
1108 857 1263 907 Quodsi
1284 859 1373 910 quis
1394 863 1525 897 tamen
1549 857 1704 897 dubitet
1724 864 1763 897 et
1783 872 1826 897 se
1847 857 2068 908 intelligere
2084 864 2214 909 neget,
2235 871 2283 896 ex

301 929 491 969 bonorum
520 931 647 969 animi
674 930 740 982 qui
770 930 857 969 fieri
888 930 1060 982 potuerit
1086 929 1194 980 boni,
1227 929 1301 968 hoc
1332 929 1518 980 dicimus,
1552 930 1591 968 in
1622 929 1760 969 tabula
1789 929 1949 982 quidem
1979 929 2172 969 delineari
2201 943 2281 969 non

301 1015 432 1053 posse,
455 1002 522 1054 qui
542 1002 691 1040 factum
713 1002 765 1041 sit
786 1009 828 1040 ut
847 1016 897 1040 ex
917 1001 1107 1040 bonorum
1126 1003 1253 1040 animi
1277 999 1379 1051 (sive
1400 1003 1536 1052 amini,
1558 1015 1659 1053 quae
1680 1015 1798 1053 saepe
1820 1001 2023 1041 scribendi
2045 1015 2176 1041 errore
2197 1016 2282 1053 per-

300 1080 504 1112 mutantur
529 1074 571 1112 in
597 1073 728 1121 libris)
761 1073 915 1113 haustis
941 1073 1084 1113 mediis
1112 1073 1278 1124 syllabis
1305 1073 1499 1125 primffet
1525 1079 1703 1113 extrema
1728 1073 1774 1113 bo
1812 1080 1852 1113 et
1875 1076 1921 1113 ni
1950 1073 2280 1126 relinquerentur,

301 1144 371 1184 sed
398 1145 576 1196 potuisse
602 1144 677 1183 hoc
697 1145 783 1184 fieri
810 1145 993 1198 exemplo
1021 1144 1153 1184 doceri
1175 1159 1223 1184 ex
1244 1144 1306 1184 his
1328 1145 1426 1197 ipsis
1446 1144 1560 1184 libris
1582 1146 1722 1197 petito:
1756 1160 1780 1184 v
1800 1145 1865 1196 24,
1888 1146 1941 1186 68
1962 1145 2061 1185 haec
2081 1145 2177 1184 olim
2201 1145 2283 1184 vul-

300 1216 497 1267 gabantur
516 1229 618 1254 unus
638 1213 783 1266 (animi
794 1214 925 1268 fetus)
953 1218 996 1255 in
1023 1218 1241 1268 coqnitione
1260 1230 1392 1254 rerum
1409 1218 1562 1269 positus
1583 1224 1618 1255 et
1636 1218 1678 1254 in
1699 1217 1957 1269 explicatione
1975 1225 2153 1262 naturae,
2183 1218 2283 1256 alter

299 1290 342 1326 in
369 1289 629 1339 descriptione
648 1290 952 1339 expetendarum
964 1288 1301 1339 fuqiendarumve
1328 1301 1472 1336 rerum,
1492 1289 1627 1326 tertiae
1646 1289 1688 1326 in
1707 1289 1921 1328 iudicando
1943 1290 2041 1340 quid
2062 1290 2200 1341 cuique
2225 1291 2286 1328 rei

300 1360 352 1398 eit
377 1372 629 1411 consequens,
658 1358 728 1398 sed
755 1364 1014 1411 posteaquam
1043 1364 1289 1411 compertum
1315 1364 1376 1398 est
1400 1359 1442 1397 in
1468 1359 1617 1411 optimo
1643 1358 1778 1399 codice
1799 1358 1984 1400 Gudiano
2010 1360 2108 1400 haec
2134 1361 2283 1413 scripta

302 1444 389 1471 esse
408 1430 776 1484 fugiendarumque
795 1445 843 1471 ue
860 1445 993 1470 rerum
1012 1445 1060 1470 ne
1079 1431 1254 1481 uiuendi,
1277 1430 1494 1484 eademque
1514 1431 1553 1470 in
1577 1431 1712 1471 codice
1733 1431 1860 1484 Regio
1882 1438 2045 1472 exarata
2065 1432 2189 1473 fuisse
2212 1433 2283 1473 sed

301 1517 349 1542 ue
364 1508 404 1542 et
418 1516 466 1542 ne
480 1503 645 1542 uiuendi
662 1503 782 1542 litura
798 1503 928 1542 deleta
944 1516 1041 1552 esse,
1061 1503 1307 1542 intellectum
1324 1508 1384 1542 est
1404 1516 1427 1541 a
1444 1502 1728 1554 Wesenbergio
1751 1504 1792 1543 in
1812 1504 2027 1557 archetypo
2046 1505 2182 1544 codice
2203 1505 2282 1557 syl-

301 1575 413 1614 labas
430 1574 625 1627 quasdam
645 1575 810 1614 extritas
833 1589 931 1625 esse,
955 1575 1152 1626 integram
1169 1580 1301 1614 autem
1318 1575 1538 1614 orationem
1554 1575 1658 1615 hanc
1673 1576 1795 1616 fuisse
1812 1577 2116 1630 expetendarum
2118 1576 2282 1630 fuqien-

301 1648 487 1686 durumve
505 1661 637 1686 rerum
659 1643 713 1698 [et
732 1648 773 1686 in
794 1643 961 1698 ratio]ne
980 1647 1147 1697 vivendi,
1170 1660 1298 1699 neque
1319 1652 1458 1699 postea
1478 1646 1702 1687 dubitatum
1723 1654 1795 1688 est.
1835 1648 1975 1701 Itaque
2001 1663 2093 1701 spes
2120 1655 2180 1690 est
2199 1650 2282 1690 fore

303 1726 343 1758 ut
368 1720 438 1758 illa
470 1733 625 1772 quoque
651 1720 850 1773 scriptura
881 1734 1000 1771 quam
1027 1734 1075 1758 ex
1101 1720 1302 1759 oblivione
1329 1720 1561 1759 suscitatam
1594 1720 1856 1771 defendimus,
1885 1721 2046 1760 tandem
2074 1735 2116 1761 se
2142 1722 2284 1773 probet

301 1792 464 1840 criticis,
492 1792 527 1830 si
547 1791 708 1843 quidem
729 1792 779 1830 ab
800 1805 847 1830 ea
868 1805 909 1830 se
931 1797 1109 1830 avertere
1131 1791 1387 1842 persuasione
1409 1786 1617 1841 voluerint,
1641 1805 1719 1842 qua
1741 1792 1907 1831 credunt
1927 1793 2134 1843 spongiam
2163 1793 2282 1831 istam

301 1862 502 1902 deletilem
523 1864 637 1914 quasi
659 1862 860 1914 quandam
881 1876 1098 1913 panaceam
1119 1876 1207 1902 esse
1228 1862 1517 1903 emendationis
1534 1862 1755 1903 Tullianae.

501 1981 585 2022 Scr.
608 1997 658 2022 m,
682 1983 791 2023 Maio
812 1998 846 2022 a.
868 1981 1136 2023 MDCCCIC.
