2634 3457
659 795 661 798 ’
707 759 808 848 VN
810 782 1282 849 IVERSITATIS
1330 791 1857 849 LITTERARIAE

907 950 1274 997 FRIDERICAE
1317 950 1673 998 GVILELMAE

562 1101 1084 1182 RECTOR
1159 1103 1318 1182 ΕΤ
1395 1102 2015 1183 SENATVS.

304 1306 573 1401 Lectionum
602 1361 916 1401 academicarum
947 1332 1126 1402 rffisui
1155 1369 1197 1415 ut
1223 1369 1410 1406 consueto
1445 1377 1553 1401 more
1582 1362 1733 1414 aliquid
1767 1361 2024 1414 praefationis
2059 1361 2273 1400 litterariae

304 1434 664 1485 praemitteremus,
692 1434 742 1472 ad
770 1432 1005 1473 Ciceronem
1038 1435 1245 1484 rediimus,
1276 1435 1323 1473 de
1350 1449 1427 1487 quo
1454 1435 1647 1474 nonnulla
1677 1434 1822 1473 abhinc
1855 1448 1925 1473 sex
1952 1434 2273 1488 menseseeffle-ru
2327 1477 2343 1480 χ

304 1506 511 1544 occasione
543 1505 819 1556 disseruimus,
858 1520 947 1544 cum
977 1521 1063 1545 eam
1093 1514 1246 1559 partem
1283 1507 1571 1545 emendationis
1603 1506 1810 1545 Tullianae
1842 1506 2037 1557 exemplis
2069 1505 2271 1545 declarare

304 1591 536 1617 conaremur
570 1591 669 1629 quae
704 1577 967 1628 agnoscendis
1002 1578 1332 1631 eliminandisque
1368 1578 1651 1618 additamentis
1686 1577 1828 1617 alienis
1864 1579 2099 1618 continetur.
2155 1578 2271 1617 Nunc

304 1648 469 1688 eandem
496 1663 655 1689 causam
680 1656 857 1702 repetere
887 1664 933 1690 ac
958 1651 1140 1703 persequi
1170 1651 1426 1701 instituimus,
1461 1650 1543 1690 sed'
1560 1651 1615 1690 ita
1640 1656 1682 1689 ut
1708 1649 1891 1702 exempla
1912 1656 2090 1703 petamus
2117 1664 2195 1689 non
2223 1664 2271 1689 ex

281 1722 549 1760 <orationibus
575 1722 614 1759 in
637 1722 780 1773 quibus
806 1728 889 1761 tum
916 1724 1086 1761 maxime
1112 1715 1375 1773 morabamur,
1404 1737 1538 1761 verum
1565 1737 1613 1760 ex
1640 1722 1914 1773 philosophiae
1940 1723 2099 1775 scriptis
2126 1723 2166 1761 in
2188 1723 2270 1774 qui-

303 1794 376 1833 bus
402 1794 600 1845 ingeniosi
627 1795 751 1833 critici
779 1793 858 1833 non
885 1795 1018 1850 minus
1042 1809 1159 1847 saepe
1187 1809 1273 1834 eam
1300 1808 1417 1847 quam
1444 1794 1612 1833 dicimus
1640 1793 1896 1845 cupiditatem
1925 1794 2079 1833 delendi
2108 1808 2202 1847 prae
2230 1808 2271 1833 se

244 1852 247 1855 ⁵
301 1865 444 1916 ferunt,
473 1879 551 1917 qua
569 1865 622 1908 -fit
650 1873 691 1904 ut
717 1865 907 1905 tollantur
934 1880 1230 1919 nonnumquam
1258 1880 1357 1919 quae
1384 1867 1432 1906 ad
1460 1866 1666 1906 Ciceronis
1692 1880 1841 1905 morem
1864 1879 2055 1918 usumque
2083 1866 2271 1918 loquendi
2311 1877 2317 1884 ’

302 1950 347 1975 ac
378 1937 573 1976 sentiendi
606 1937 730 1976 relata
758 1937 913 1988 integra
942 1951 1029 1976 esse
1058 1944 1125 1976 aut
1154 1938 1187 1976 si
1218 1952 1296 1990 qua
1324 1944 1457 1976 tamen
1494 1938 1647 1976 macula
1678 1937 1825 1975 violata
1861 1938 1940 1976 sint
1969 1951 2015 1975 ea
2045 1937 2122 1975 alio
2154 1937 2270 1975 modo

302 2010 481 2049 abstersa
507 2009 557 2048 ad
584 2010 793 2048 sanitatem
819 2010 996 2049 revocari
1023 2009 1242 2049 videantur.
1293 2007 1376 2075 §ed
1402 2009 1527 2049 multa
1557 2023 1635 2048 non
1664 2015 1755 2048 sunt
1782 2022 1882 2060 quae
1915 2008 2115 2048 afferimus
2142 2022 2269 2061 neque

301 2080 495 2132 gravitate
520 2080 601 2119 ulla
626 2087 693 2120 aut
718 2081 870 2120 inventi
896 2080 1010 2120 laude
1038 2082 1263 2134 conspicua,
1291 2095 1426 2120 verum
1447 2087 1585 2131 *tamen
1612 2094 1658 2119 ea
1678 2080 1845 2119 fortasse
1871 2080 1911 2119 in
1939 2081 2081 2132 quibus
2110 2080 2268 2119 demon-

300 2152 451 2191 strandi
472 2153 682 2191 severitate
709 2153 859 2205 aliquid
880 2153 1035 2192 efficere
1060 2153 1188 2192 liceat.
1234 2154 1337 2192 Nam
1359 2154 1483 2192 multa
1509 2161 1601 2192 sunt
1626 2154 1664 2191 in
1688 2153 1762 2191 hoc
1783 2167 1926 2203 genere
1952 2153 2120 2191 fidenter
2139 2154 2269 2205 posita

299 2231 338 2263 et
357 2238 427 2276 per
446 2224 591 2264 multas
611 2207 825 2263 multo'rum
845 2224 1037 2269 editiones
1058 2232 1286 2277 propagata,
1310 2239 1409 2276 quae
1431 2225 1560 2276 quivis
1587 2225 1655 2276 qui
1676 2224 1792 2263 modo
1819 2238 1897 2262 non
1925 2231 2116 2276 occupata
2136 2231 2266 2263 mente

298 2295 446 2335 iudicet
469 2295 547 2335 sibi
573 2295 808 2347 persuadeat
836 2310 926 2335 vera
951 2310 1030 2335 non
1063 2310 1150 2336 esse
1178 2296 1248 2336 sed
1274 2296 1407 2336 favore
1435 2295 1605 2348 quodam
1631 2296 1805 2347 retineri,
1835 2303 1967 2336 tamen
1996 2297 2031 2336 vi
2059 2310 2264 2349 argumen-

298 2366 406 2406 tandi
433 2367 731 2420 rationibusque
763 2367 813 2407 ad
838 2356 1155 2420 persuadendum
1183 2367 1374 2420 appositis
1406 2367 1643 2419 redarguere
1670 2382 1748 2407 non
1775 2368 1922 2420 possis:
1956 2374 1994 2407 et
2019 2368 2134 2408 nobis
2163 2368 2265 2408 hanc

296 2439 423 2490 legem
446 2440 675 2492 scripsimus
699 2447 739 2478 ut
759 2453 808 2479 ne
830 2453 1013 2492 umquam
1035 2446 1105 2491 pro
1127 2440 1525 2489 certisvenditemus,
1554 2454 1654 2492 quae
1681 2441 1757 2479 nisi
1785 2440 2015 2479 verisimilia
2041 2441 2092 2490 (si
2114 2438 2264 2490 tamen)

296 2512 434 2552 haberi
461 2527 541 2551 non
566 2513 732 2564 possint,
770 2511 914 2551 nedum
940 2512 1036 2551 viris
1067 2511 1231 2551 eruditis
1259 2518 1298 2550 et
1323 2512 1431 2551 omni
1461 2511 1576 2551 laude
1605 2512 1829 2562 insignibus
1857 2511 2019 2564 obloqui
2049 2512 2264 2552 audeamus

295 2585 373 2625 nisi
398 2585 477 2625 fide
498 2590 818 2637 argumentorum
840 2591 878 2624 et
898 2584 1167 2637 exemplorum
1190 2583 1459 2624 stabilimento
1481 2584 1703 2623 confirmati
1730 2592 1768 2623 et
1794 2583 1931 2624 adiuti.
1977 2584 2117 2638 Itaque
2140 2599 2266 2638 pauca

295 2656 499 2709 acquirere
521 2657 553 2696 si
574 2671 784 2710 possumus
807 2657 980 2696 contenti
1002 2656 1265 2697 difficiliorem
1291 2657 1407 2696 istam
1435 2662 1473 2695 et
1499 2656 1660 2695 arduam
1684 2670 1843 2709 operam
1865 2658 2109 2696 acutioribus
2133 2665 2174 2696 ut
2194 2672 2265 2708 par

284 2733 355 2767 vest
383 2729 615 2767 sumendam
643 2730 916 2781 relinquimus,
944 2730 1263 2769 adolescentibus
1290 2735 1432 2779 autem,
1461 2730 1604 2780 quibus
1632 2729 1730 2768 haec
1757 2731 1981 2780 scribimus,
2010 2731 2044 2769 si
2070 2730 2138 2781 qui
2164 2731 2263 2769 forte

294 2798 469 2838 adhunc
489 2801 722 2852 scriptorem
742 2801 920 2851 tendant,
950 2801 1161 2841 suademus
1188 2801 1291 2840 idem
1319 2800 1423 2853 quod
1444 2814 1611 2853 semper,
1640 2807 1682 2840 ut
1707 2801 1888 2853 impensa
1908 2801 2147 2841 observandi
2177 2801 2262 2841 dili-

293 2872 426 2924 gentia
454 2872 658 2912 excutiant
688 2873 796 2925 prius
830 2887 949 2926 quam
977 2879 1170 2927 temptare
1203 2874 1396 2926 incipiant
1425 2879 1463 2912 et
1491 2872 1566 2911 hoc
1595 2873 1673 2912 sibi
1706 2873 1856 2924 dicant,
1893 2873 2072 2912 libidinis
2102 2873 2264 2912 licentia

292 2944 416 2982 multa
435 2944 476 2982 in
497 2943 558 2982 his
579 2945 697 2983 rebus
719 2945 894 2985 affectari
916 2945 984 2985 sed
1006 2939 1148 2985 stabile
1169 2946 1273 2998 quod
1295 2947 1347 2984 sit
1367 2945 1467 2984 nihil
1488 2945 1565 2983 nisi
1591 2945 1728 2984 iudicii
1750 2946 1977 2985 sinceritate
1998 2946 2140 2997 parari.
2181 2944 2260 2985 Sed

291 3016 543 3068 aggredimur
568 3015 616 3054 ad
643 3030 737 3056 rem.

1957 3091 1997 3125 lt
