2634 3457
1258 155 1308 195 18

291 266 437 307 babilis
468 279 548 305 non
580 272 651 306 est.
697 266 837 320 Neque
866 265 942 306 hoc
973 266 1069 306 satis
1101 279 1187 306 esse
1218 264 1325 304 dicas
1357 264 1530 317 aliquem
1551 264 1730 303 ordinem
1752 264 1819 316 qui
1841 263 1957 303 modo
1978 263 2198 302 tolerabilis
2219 263 2271 301 sit

286 339 521 389 restituisse,
554 339 625 378 sed
646 339 796 378 silicet
816 354 905 378 eum
936 345 1090 391 oportet
1119 353 1377 391 assequamur
1406 338 1474 389 qui
1504 337 1622 376 simul
1652 337 1856 376 turbarum
1886 336 2079 376 factarum
2110 350 2270 376 causam

288 417 327 451 et
356 411 597 464 principium
628 411 793 464 aperiat.
837 410 885 451 Id
917 411 1022 464 quod
1051 411 1135 451 fieri
1166 424 1282 463 posse
1313 409 1585 462 opinabamur,
1618 409 1651 449 si
1673 406 1908 449 Ciceronem
1938 407 2036 447 haec
2066 408 2121 447 ita
2147 408 2270 460 scrip-

286 483 389 523 sisse
421 484 697 523 statuerimus:

624 570 723 608 quae
743 557 900 608 quidem
920 557 1111 607 sapientes
1130 563 1300 593 natura
1321 562 1518 606 tamquam
1537 555 1633 592 duce
1653 561 1797 592 utentes
1816 560 2050 605 sequuntum
2079 566 2159 590 ozon
2179 566 2269 604 per-

610 627 716 678 fecti
748 635 875 666 autem
910 628 1082 666 homines
1118 635 1151 665 et
1185 634 1310 666 tamen
1343 627 1512 679 inqenii8
1547 625 1817 665 excellentibus
1848 625 2026 678 praediti
2054 625 2272 663 excitantur

621 713 735 751 saepe
760 699 932 752 yloria.

290 770 403 820 Quae
434 778 476 809 ut
511 770 680 821 simplex
710 777 771 809 est
801 776 839 809 et
874 770 1011 809 nativa
1046 770 1256 809 verborum
1294 771 1502 810 collocatio
1533 777 1571 809 et
1601 784 1678 822 qua
1707 777 1850 809 natura
1885 768 2042 821 plenam
2074 768 2153 807 vim
2184 782 2270 807 sen-

289 843 436 882 tentiae
467 841 655 881 contrarii
682 842 835 880 ratione
862 847 1051 893 poscente
1078 842 1284 891 sustineat,
1312 841 1369 881 ita
1394 856 1533 882 ansam
1561 842 1683 881 errori
1710 842 1860 881 librarii
1884 841 2015 892 dabat,
2045 841 2112 893 qui
2133 840 2270 880 simili-

287 913 423 952 tudine
445 913 770 952 terminationum
792 913 981 965 deceptus
1004 927 1093 953 cum
1115 928 1138 952 a
1157 915 1377 966 capientes
1397 914 1447 952 ad
1467 922 1638 954 utentes
1660 915 1871 965 aberraret,
1895 915 2088 967 sapientes
2107 927 2271 966 sequun-

287 994 350 1025 tur
370 985 630 1036 continuavit,
663 999 763 1038 quae
793 985 925 1026 media
954 990 1067 1025 erant
1094 992 1240 1025 natura
1270 993 1470 1039 tamquam
1499 986 1596 1025 duce
1624 994 1770 1026 utentee
1793 986 2076 1040 praetermisit3
2108 985 2271 1038 quaein

287 1058 466 1108 margine
501 1058 703 1110 adscripta
731 1072 811 1097 non
842 1072 887 1097 eo
918 1072 994 1110 quo
1026 1058 1226 1097 debebant
1256 1058 1396 1098 ordine
1431 1058 1501 1098 sed
1537 1058 1653 1110 plane
1690 1072 1876 1110 perverso
1913 1063 2101 1097 contextu
2135 1071 2271 1096 rursus

286 1135 447 1181 recepta
475 1136 568 1169 sunt
597 1130 636 1170 h.
659 1144 692 1169 e.
713 1130 770 1168 ita
799 1136 842 1168 ut
863 1145 982 1169 unum
1004 1137 1159 1180 utentes,
1182 1130 1351 1170 fortasse
1371 1136 1466 1169 nota
1484 1130 1699 1181 indicante,
1722 1144 1837 1169 suum
1857 1129 1987 1169 locum
2007 1138 2270 1181 recuperaret,

288 1207 429 1252 cetera,
462 1215 563 1253 quae
594 1202 628 1240 ei
660 1202 952 1253 praemittenda
980 1208 1104 1253 erant,
1142 1208 1475 1254 postponerentur
1504 1209 1543 1242 et
1572 1203 1660 1255 ipsa
1689 1202 1827 1241 ordine
1856 1202 2028 1253 inverso,
2059 1209 2273 1254 sequuntur

288 1274 383 1312 duce
411 1281 557 1312 natura
585 1282 796 1326 tamquarm.
844 1274 933 1313 Non
965 1274 1165 1314 nescimus
1197 1274 1297 1314 haec
1327 1275 1577 1314 coniecturae
1609 1288 1795 1314 successu
1825 1273 2000 1326 pendere
2031 1280 2070 1313 et
2090 1288 2163 1313 nos
2186 1288 2272 1312 nar-

288 1359 376 1385 rare
406 1345 470 1385 οἷα
501 1346 553 1385 ἂν
581 1348 744 1395 γένοιτο,
776 1345 846 1385 sed
877 1360 946 1398 pro
977 1351 1085 1386 certo
1116 1360 1393 1387 asseveramus
1423 1347 1524 1386 nihil
1553 1347 1631 1386 nisi
1657 1346 1732 1386 hoc
1753 1361 1886 1396 unum,
1915 1345 2013 1385 haec
2035 1346 2167 1396 verba,
2199 1359 2273 1384 nec

289 1423 406 1456 aucta
440 1416 725 1457 additamentis
762 1431 836 1457 nec
866 1418 962 1457 vitio
994 1418 1214 1470 scripturae
1245 1418 1477 1471 depravata,
1509 1418 1620 1457 nulla
1648 1433 1689 1458 re
1719 1418 1798 1457 alia
1826 1418 2007 1457 laborare
2039 1432 2157 1470 quam
2187 1432 2271 1470 per-

289 1490 448 1529 turbato
479 1489 636 1540 ordine3
667 1504 786 1542 quem
815 1491 983 1542 probum
1013 1505 1058 1531 ac
1089 1491 1338 1544 probabilem
1368 1491 1592 1532 restituisse
1621 1491 1737 1531 nobis
1768 1490 1960 1531 videmur.

486 1647 541 1674 1v.
586 1635 635 1674 In
666 1634 905 1675 Tusculanis
938 1635 1272 1687 disputationibus
1303 1637 1420 1675 toties
1451 1642 1509 1675 tot
1539 1636 1713 1676 virorum
1743 1635 1947 1674 doctorum
1980 1648 2073 1674 cura
2093 1640 2132 1673 et
2152 1648 2272 1686 opera

288 1707 478 1756 tractatis,
503 1707 571 1745 vix
594 1712 635 1745 ut
653 1712 805 1746 restare
826 1706 978 1759 credas,
1003 1707 1106 1760 quod
1128 1708 1169 1747 in
1191 1707 1521 1760 disceptationem
1541 1708 1675 1747 vocari
1696 1707 1834 1760 possit,
1858 1713 1951 1746 sunt
1970 1712 2114 1756 tamen,
2138 1706 2271 1745 viden-

288 1786 351 1816 tur
381 1778 541 1830 quidem
572 1784 677 1817 certe
708 1779 825 1818 nobis
856 1792 955 1828 esse,
988 1779 1192 1829 nonnulla,
1224 1794 1324 1831 quae
1355 1780 1531 1819 nondum
1562 1781 1618 1818 ita
1648 1779 1857 1834 profligata
1877 1785 1945 1817 aut
1965 1779 2014 1817 ad
2036 1779 2184 1817 exitum
2206 1778 2271 1817 ad-

288 1850 408 1888 ducta
437 1851 528 1900 sint,
561 1857 603 1888 ut
633 1851 887 1902 acquiescere
921 1851 1052 1890 liceat.
1100 1849 1224 1890 Cuius
1256 1852 1312 1890 rei
1344 1851 1420 1891 duo
1450 1851 1709 1903 proponimus
1741 1850 1944 1903 exempla:
1986 1850 2157 1903 primum
2196 1849 2272 1889 hoc

286 1935 314 1962 v
343 1923 409 1972 40,
445 1921 534 1961 117.

618 1992 887 2046 Conyerantur
914 1997 956 2032 in
986 2008 1109 2032 unum
1138 1996 1281 2043 omnia,
1312 2001 1355 2032 ut
1382 1995 1485 2032 idem
1515 1995 1636 2032 oculis
1666 2002 1701 2032 et
1729 1995 1892 2032 auribus
1923 2003 2060 2046 captus
2090 1996 2152 2043 sit,
2182 2008 2273 2046 pre-

619 2073 750 2105 matur
777 2068 894 2105 etiam
923 2066 1126 2105 doloribus
1155 2068 1369 2105 acerrumis
1400 2068 1591 2118 corporis,
1622 2068 1693 2118 qui
1714 2068 1892 2119 primum
1917 2081 1992 2119 per
2020 2080 2060 2106 se
2085 2067 2166 2119 ipsi
2189 2066 2272 2118 ple-

618 2152 783 2190 rumque
812 2139 1020 2188 conficiunt
1048 2138 1261 2183 hominem5
1290 2139 1353 2177 sin
1370 2138 1482 2189 forte
1512 2138 1797 2191 lonqinquitate
1815 2139 2002 2191 producti
2018 2138 2275 2178 vehementius

621 2217 749 2248 tamen
778 2217 957 2262 torquent
986 2223 1105 2262 quam
1134 2217 1177 2248 ut
1206 2224 1326 2248 cauea
1354 2211 1405 2248 sit
1434 2224 1502 2248 cur
1518 2210 1721 2261 ferantur,
1754 2212 1852 2262 quid
1871 2217 1926 2249 est
1945 2211 2100 2249 tandem
2120 2211 2165 2249 di
2183 2211 2276 2249 bom·

623 2282 729 2333 quod
756 2281 997 2320 laboremus?
1024 2289 1162 2334 portus
1192 2283 1294 2320 enim
1312 2289 1468 2333 praeeto
1499 2290 1565 2332 eet,
1592 2280 1835 2334 [quoniam
1855 2296 1976 2321 mors
1995 2283 2168 2321 ibidem
2190 2279 2276 2331 est]

623 2360 820 2390 aeternum
847 2353 949 2391 nihil
975 2354 1168 2392 sentiendi
1195 2353 1491 2404 receptaculum.

289 2419 532 2477 Scripsimus
563 2422 661 2462 haec
691 2430 735 2463 ut
763 2438 787 2463 a
814 2423 1006 2464 Muellero
1038 2424 1146 2464 edita
1176 2431 1281 2464 sunt.
1325 2423 1390 2463 Ad
1422 2424 1552 2475 verba,
1586 2424 1731 2477 quibus
1755 2437 1878 2464 uncos
1899 2423 2067 2475 addidit,
2090 2423 2189 2464 haec
2209 2425 2275 2464 ad-

290 2497 445 2536 notavit
474 2495 685 2536 Davisius:
714 2494 911 2548 ‘apertum
940 2496 1151 2548 glossema,
1190 2496 1296 2548 quod
1332 2497 1614 2547 sagacissimus
1643 2496 1853 2536 Bentleius
1883 2496 2035 2548 primus
2066 2494 2187 2547 vidit,²
2218 2497 2275 2536 nil

290 2575 507 2621 praeterea.
551 2567 605 2607 Et
634 2573 725 2620 post
754 2568 980 2608 Bentleium
1010 2568 1301 2620 Davisiumque
1331 2569 1459 2619 multi,
1488 2569 1671 2608 Baiterus
1702 2584 1736 2608 a.
1763 2569 1879 2619 1863,
1912 2566 2089 2607 Sorofius
2121 2582 2276 2620 quoque

290 2654 532 2693 quamquam
563 2641 743 2690 variavit,
775 2640 945 2692 denique
974 2641 1190 2681 Muellerus
1221 2640 1360 2680 eadem
1392 2641 1512 2680 verba
1541 2647 1584 2680 ut
1603 2640 1793 2681 additicia
1813 2646 2088 2692 segregarunt:
2111 2654 2276 2692 quorum

290 2719 424 2752 tamen
454 2726 572 2752 nemo
601 2710 861 2751 additamenti
892 2726 1052 2752 causam
1083 2719 1122 2752 et
1152 2711 1363 2752 consilium
1396 2712 1458 2751 vel
1488 2713 1608 2752 verbo
1639 2711 1840 2753 declarare
1860 2725 1981 2752 ausus
2002 2717 2073 2763 est,
2097 2711 2166 2751 sed
2188 2726 2276 2752 auc-

291 2785 450 2824 toritate
470 2784 607 2835 magni
628 2783 704 2823 viri
724 2784 821 2823 moti
842 2784 1086 2824 sustulerunt
1106 2798 1207 2837 quae
1227 2784 1399 2836 intelligi
1419 2798 1499 2824 non
1520 2791 1714 2837 poterant.
1751 2785 1807 2825 Et
1827 2790 1921 2825 sunt
1941 2798 2036 2824 sane
2056 2784 2134 2824 ista
2154 2786 2277 2826 verba

294 2858 481 2910 quoniam
514 2870 619 2896 more
653 2855 799 2895 ibidem
828 2865 883 2896 eet
913 2856 1028 2896 valde
1059 2857 1242 2897 obscura.
1290 2856 1369 2896 Sed
1398 2857 1583 2897 minusne
1614 2858 1785 2897 obscura
1815 2862 1908 2896 sunt
1938 2856 1971 2896 si
2001 2856 2051 2895 ab
2082 2854 2276 2897 Cicerone

293 2929 597 2969 abiudicantur‘?
626 2935 666 2968 et
695 2928 763 2981 qui
793 2942 839 2968 ea
860 2935 1014 2981 praeter
1043 2935 1218 2969 mentem
1240 2927 1447 2969 Ciceronis
1477 2929 1634 2981 adiecit,
1657 2930 1810 2969 nihilne
1841 2928 2016 2968 sensisse
2046 2929 2277 2981 putabitur?

292 3001 460 3041 Frustra
489 3001 734 3053 quaerimus:
766 3000 867 3040 nihil
896 3015 969 3040 nos
998 3001 1190 3041 adiuvant
1210 3001 1458 3053 interpretes.
1495 3002 1579 3041 Nos
1602 3017 1695 3042 vcro
1717 3007 1949 3041 cunctamur
1970 3000 2160 3041 damnare
2182 3016 2277 3054 quo-

293 3089 381 3114 rum
411 3087 484 3114 nec
515 3087 677 3113 sensum
706 3087 781 3113 nec
809 3073 1006 3117 rationem
1036 3073 1283 3126 dispicimus.
1328 3073 1500 3114 Accedit
1519 3074 1704 3114 alterum:
1737 3087 1840 3126 quae
1860 3079 2013 3113 restant
2031 3074 2113 3114 illis
2136 3074 2276 3115 deletis
