2634 3457
1251 128 1303 166 10

282 236 340 275 uti
362 236 599 288 coniunctis,
623 250 712 276 cum
733 251 813 276 non
835 237 963 276 solum
984 237 1123 276 scribit
1144 234 1232 288 (pro
1250 235 1381 275 Tullio
1403 236 1439 286 8,
1465 235 1531 284 18)
1557 243 1591 275 et
1609 237 1661 274 iis
1686 249 1800 275 arma
1826 248 1926 288 quae
1950 237 2089 288 cuique
2115 236 2263 275 habilia

280 315 397 359 atque
418 316 514 360 apta
539 316 663 347 essent
687 317 902 360 compa-rat,
928 314 996 346 aut
1017 308 1082 355 (de
1099 314 1196 346 orat.
1214 321 1227 347 1
1250 309 1313 357 54,
1338 306 1436 357 231)
1462 310 1498 346 si
1521 308 1620 346 mihi
1644 308 1790 347 calceos
1819 306 2029 359 Sicyonios
2055 309 2261 357 attulisses,

281 394 362 419 non
390 388 530 429 uterer,
564 382 741 432 quamvis
771 387 893 418 essent
911 379 1059 418 habiles
1080 387 1196 430 atque
1216 380 1303 430 apti
1330 380 1384 418 ad
1406 379 1560 431 pedem,
1593 378 1664 418 sed
1685 379 1806 419 etiam
1837 379 1902 428 (de
1921 379 2078 431 legibus
2097 391 2112 419 1
2132 379 2171 429 9,
2194 378 2264 430 26)

271 452 526 505 fiquramque
552 453 728 504 corporis
753 450 919 490 habilem
944 458 979 490 et
1003 457 1138 503 aptam
1166 452 1323 502 inqenio
1349 450 1518 489 humano
1546 448 1716 501 dedit*),
1749 450 1845 503 quid
1870 450 2063 503 impedire
2094 451 2263 490 dicimus

285 525 497 576 quominus
528 537 625 575 quas
655 536 718 562 res
748 522 797 561 ad
829 528 1012 561 naturam
1042 522 1363 561 accommodatas
1395 522 1501 572 dicit,
1535 522 1695 561 easdem
1722 528 1834 574 aptas
1856 529 1895 562 et
1920 522 2073 562 habiles
2099 528 2263 561 naturae

285 597 369 635 sive
390 596 439 634 ad
461 601 641 633 naturam
663 608 750 633 esse
772 594 957 633 voluerit:
986 608 1078 633 nam
1101 594 1149 632 ad
1172 594 1269 633 haec
1290 608 1445 646 quoque
1468 607 1631 633 necesse
1653 599 1714 633 est
1734 595 1932 645 pertineat
1950 601 2105 644 natura,
2128 608 2264 646 quam-

286 667 345 706 vis
376 666 526 717 positus
557 665 598 704 id
634 665 845 717 prohibere
881 665 1079 716 videatur,
1117 672 1155 704 et
1184 665 1342 715 habilis,
1380 666 1490 704 cuius
1529 665 1636 704 vocis
1672 666 2007 716 significationem
2036 666 2264 716 Madvigius

285 739 463 789 angustis
493 738 640 777 finibus
672 737 995 789 circumscripsit,
1029 751 1117 776 cum
1145 737 1194 776 ad
1221 737 1379 777 facilem
1400 738 1676 777 tractationem
1698 743 1853 777 tantum
1874 739 2071 791 pertinere
2103 737 2263 788 diceret,

285 823 507 861 comparem
541 810 619 848 vim
650 815 689 847 et
718 823 833 847 usum
864 823 951 847 cum
983 816 1098 861 aptus
1129 809 1275 848 habere
1306 810 1488 861 exempla
1517 810 1638 849 allata
1667 809 1821 849 docent.

480 881 624 931 Itaque
655 881 712 919 sic
743 880 1030 929 existimamus,
1062 881 1217 931 reliqua
1247 895 1346 932 quae
1377 887 1570 933 temptata
1600 888 1693 921 sunt
1717 881 1831 921 irrita
1850 896 1938 922 esse
1959 888 1998 922 et
2023 881 2264 931 reiectanea3

284 967 405 992 unum
435 950 534 992 illud
565 951 701 1005 quaeri
732 965 861 1005 posse,
893 951 1081 1005 quoniam
1103 951 1188 993 sine
1210 958 1244 992 et
1263 951 1386 993 altero
1411 956 1595 993 constare
1625 951 1843 992 orationem
1864 952 2070 1006 probabile
2091 965 2170 992 non
2192 957 2263 1003 est,

284 1030 415 1064 utrum
431 1023 673 1064 removenda
688 1037 789 1077 quae
809 1023 955 1076 legitur
974 1024 1171 1077 particula
1190 1038 1240 1062 an
1261 1023 1486 1062 adiicienda
1502 1024 1626 1062 altera
1642 1025 1818 1062 succurri
1836 1025 2056 1062 sententiae
2073 1030 2264 1075 oporteat.

283 1097 329 1135 In
352 1110 431 1148 qua
450 1111 492 1135 re
514 1097 683 1135 dicimus
709 1097 827 1147 longe
850 1103 1051 1148 praestare
1072 1111 1119 1134 ea
1147 1111 1242 1135 voce
1270 1111 1340 1135 suo
1366 1097 1452 1135 loco
1478 1097 1640 1145 inserta,
1673 1097 1740 1135 ubi
1761 1097 1997 1148 praesertim
2017 1096 2133 1135 facile
2153 1110 2266 1148 prae-

283 1170 393 1209 teriri
414 1184 485 1221 per
505 1184 678 1209 errorem
699 1168 838 1221 potuit,
861 1168 1052 1208 orationis
1072 1167 1241 1208 formam
1262 1169 1466 1220 refingere,
1489 1182 1568 1221 qua
1584 1165 1769 1209 Ciceroni
1791 1167 1892 1209 nihil
1912 1167 2147 1209 familiarius
2168 1174 2264 1219 erat,

284 1241 352 1293 qui
381 1240 580 1280 adiectiva
610 1255 778 1293 quoque,
811 1254 889 1279 non
921 1240 1047 1279 solum
1079 1240 1260 1291 nomina,
1293 1240 1442 1292 duplici
1471 1241 1750 1279 coniunctione
1781 1240 1932 1280 vincire
1963 1241 2185 1290 consuevit,
2224 1247 2267 1279 ut

285 1313 333 1352 de
353 1314 421 1352 fin.
443 1325 486 1352 IV
507 1313 574 1361 21,
597 1313 661 1363 60,
684 1326 783 1364 quae
806 1325 925 1364 supra
945 1312 1066 1350 allata
1088 1319 1196 1360 sunt3
1229 1312 1356 1351 Acad.
1379 1324 1408 1351 11
1433 1312 1494 1361 14,
1516 1312 1570 1351 43
1590 1313 1664 1351 illa
1682 1326 1775 1351 vera
1796 1321 1831 1352 et
1848 1314 1971 1363 firma
1991 1320 2026 1352 et
2044 1320 2147 1351 certa
2167 1326 2266 1359 esse,-

284 1384 396 1422 Lael.
422 1385 483 1433 17,
507 1383 559 1422 62
589 1391 679 1421 sunt
702 1384 826 1434 iqitur
849 1385 963 1437 firmi
987 1390 1021 1421 et
1048 1383 1204 1421 stabiles
1225 1391 1261 1421 et
1280 1391 1495 1422 constantes
1525 1385 1712 1436 eliqendi3
1743 1384 1791 1422 de
1817 1398 1858 1423 re
1884 1385 2045 1436 publica
2073 1397 2104 1423 11
2125 1385 2188 1434 29,
2212 1384 2261 1422 51

284 1457 335 1495 sit
359 1456 449 1494 huie
474 1456 677 1507 oppositus
702 1455 811 1504 alter,
843 1454 964 1493 bonus
991 1462 1025 1493 et
1050 1456 1207 1507 sapiens
1234 1462 1269 1493 et
1294 1456 1443 1507 peritus
1472 1454 1655 1494 utilitatis
1685 1455 1811 1495 civilis
1818 1471 1832 1503 ,·
1866 1454 2062 1494 Paradox.
2085 1455 2121 1505 2,
2147 1456 2196 1495 19
2226 1462 2268 1494 ut

284 1526 463 1578 improbo
485 1535 518 1566 et
542 1527 658 1565 stulto
679 1534 714 1565 et
733 1528 851 1565 inerti
875 1528 1022 1564 nemini
1040 1526 1132 1565 bene
1151 1540 1230 1565 esse
1248 1534 1387 1578 potest,
1417 1528 1474 1565 sic
1493 1526 1616 1565 bonus
1637 1528 1699 1565 vir
1718 1534 1753 1565 et
1772 1528 1928 1579 sapiens
1948 1535 1983 1565 et
1998 1527 2126 1576 fortis
2151 1528 2269 1565 miser

286 1613 363 1638 esse
388 1613 498 1638 nemo
523 1606 668 1650 potest,·
706 1612 776 1650 pro
804 1597 941 1637 Plane.
970 1598 1005 1648 8,
1034 1598 1082 1637 21
1122 1599 1189 1637 sed
1214 1598 1382 1637 solidam
1410 1605 1445 1637 et
1472 1597 1671 1637 robustam
1702 1606 1736 1638 et
1770 1599 1972 1637 assiduam
1994 1597 2267 1650 frequentiam

279 1670 567 1724 praebuerunt3
603 1669 701 1710 ibid.
729 1669 766 1721 9,
791 1669 855 1709 22.
915 1669 981 1709 Ad
1012 1684 1145 1708 eorum
1175 1684 1356 1709 normam
1392 1670 1673 1710 dubitamusne
1705 1669 1941 1710 Ciceronem
1977 1683 2082 1709 nunc
2111 1683 2267 1722 quoque

286 1744 495 1796 scripsisse
520 1742 755 1781 haberentur
780 1749 898 1794 aptae
923 1750 957 1780 et
983 1742 1130 1781 habiles
1156 1750 1190 1781 et
1214 1744 1268 1781 ad
1290 1751 1475 1781 naturam
1500 1744 1839 1791 accommodatae?
1878 1743 1962 1781 Nos
1988 1742 2150 1793 quidem
2180 1741 2265 1791 hoc,

286 1815 392 1867 quod
412 1816 527 1854 initio
542 1815 737 1865 Madvigii
755 1814 929 1865 simplex
944 1814 1136 1853 iudicium
1157 1816 1355 1866 probarat,
1378 1815 1476 1855 adeo
1498 1830 1568 1867 pro
1589 1830 1682 1855 vero
1703 1815 1909 1866 habemus,
1942 1821 1985 1854 ut
2014 1814 2048 1854 si
2069 1814 2125 1853 ita
2146 1813 2267 1865 scrip-

286 1894 369 1926 tum
395 1887 537 1926 fuisset
562 1887 603 1926 in
629 1887 761 1935 libris,
799 1887 1001 1926 neminem
1028 1887 1270 1927 offensurum
1304 1887 1427 1927 fuisse
1453 1887 1718 1937 confidamus3
1755 1901 1861 1927 nunc
1887 1887 1937 1927 ab
1964 1886 2106 1938 exiguo
2137 1899 2267 1925 errore

286 1959 424 1998 turbas
445 1964 551 1997 ortas
572 1957 845 2009 intelligimus,
878 1958 1023 2009 quibus
1050 1972 1151 2010 quae
1179 1959 1326 2011 optime
1353 1960 1572 2011 composita
1599 1965 1711 1999 erant
1731 1960 1773 1998 in
1795 1959 1968 1998 deterius
1990 1964 2142 1997 mutata
2162 1962 2266 1997 sunt.

487 2027 639 2068 Similis
670 2042 793 2068 causa
822 2029 1005 2080 quamvis
1038 2029 1154 2081 paulo
1184 2030 1413 2082 impeditior
1443 2036 1503 2070 est
1533 2030 1695 2070 alterius
1724 2030 1802 2069 loci
1835 2030 1883 2068 de
1914 2029 2074 2079 officiis,
2111 2028 2159 2068 de
2191 2042 2267 2080 quo

287 2101 526 2153 disputaturi
556 2115 725 2140 eramus.
786 2099 888 2140 Sunt
919 2102 1041 2140 verba
1071 2102 1169 2141 haec
1198 2114 1244 2142 111
1272 2103 1310 2151 4,
1346 2103 1407 2142 16.

617 2173 727 2211 Haec
755 2174 880 2224 iqitur
910 2173 1056 2224 officia,
1088 2175 1134 2212 de
1165 2173 1303 2226 quibus
1332 2174 1392 2212 Itis
1423 2174 1535 2213 libris
1555 2175 1796 2221 disserimus,
1829 2174 1946 2225 quasi
1964 2173 2133 2212 secunda
2154 2185 2268 2224 quae·

619 2245 711 2282 dam
723 2244 882 2283 honesta
898 2259 976 2283 esse
992 2246 1139 2294 dicunt,
1161 2259 1240 2284 non
1255 2247 1493 2297 sapientium
1509 2246 1622 2284 modo
1638 2246 1812 2298 propria
1832 2245 1900 2283 sed
1919 2258 2005 2283 cum
2026 2245 2133 2283 omni
2145 2243 2268 2282 homi-

619 2330 712 2354 num
738 2329 877 2367 yenere
907 2317 1138 2355 communia.
1178 2317 1312 2367 itaque
1340 2317 1390 2355 iis
1421 2330 1563 2366 omnes,
1594 2318 1636 2355 in
1666 2316 1807 2369 quibus
1837 2323 1893 2355 est
1923 2316 2077 2354 virtutis
2103 2315 2268 2361 indoles,

619 2394 913 2426 commoventur.
944 2401 1013 2426 nec
1031 2401 1121 2426 vero
1144 2401 1231 2425 cum
1246 2388 1323 2426 duo
1343 2387 1460 2427 Decii
1479 2396 1547 2426 aut
1562 2388 1638 2427 duo
1657 2387 1863 2440 Scipiones
1867 2387 1999 2439 fortes
2015 2387 2094 2424 viri
2110 2399 2267 2425 comme-

619 2466 838 2505 morantur,
868 2467 937 2497 aut
965 2473 1052 2498 cum
1075 2459 1282 2498 Fabricius
1312 2457 1417 2509 [aut
1435 2457 1697 2510 Aristides]
1722 2462 1847 2499 iustus
1865 2460 2103 2509 nominatur,
2134 2466 2202 2497 aut
2220 2459 2268 2497 ab

617 2531 698 2569 illis
711 2531 989 2581 fortitudinis,
1018 2539 1085 2570 aut
1111 2531 1165 2569 ab
1191 2531 1273 2570 hoc
1299 2533 1470 2570 iustitiae
1496 2540 1696 2584 tamquam
1722 2547 1746 2570 a
1771 2533 1946 2584 sapiente
1972 2532 2120 2583 petitur
2148 2544 2268 2569 exem-

617 2602 749 2655 plum,·
778 2616 888 2642 nemo
919 2604 1020 2642 enim
1051 2603 1190 2642 horum
1218 2604 1275 2642 sic
1303 2604 1474 2656 sapiens,
1505 2610 1547 2643 ut
1566 2605 1779 2656 sapientem
1798 2604 1976 2643 volumus
1995 2602 2175 2655 intelliqi,
2201 2616 2270 2642 nec

619 2676 663 2724 ii,
695 2676 767 2727 qui
793 2676 985 2727 sapientes
1015 2676 1141 2714 habiti
1169 2684 1203 2714 et
1231 2677 1435 2724 nominati,
1466 2676 1522 2714 M.
1541 2674 1635 2715 Cato
1657 2684 1692 2714 et
1717 2676 1758 2715 C.
1780 2676 1954 2725 Laelius,
1985 2676 2177 2727 sapientes
2194 2675 2268 2726 fu-

621 2754 745 2795 erunt,
767 2761 814 2785 ne
832 2748 898 2785 illi
916 2749 1072 2799 quidem
1091 2755 1246 2799 septem,
1268 2749 1335 2786 sed
1354 2762 1400 2786 ea:
1420 2749 1636 2787 mediorum
1656 2748 1876 2799 officiorum
1880 2748 2115 2799 frequentia
2128 2748 2268 2787 simili-

618 2819 792 2857 tudinem
822 2820 1021 2869 quandam
1046 2818 1233 2870 yerebant
1259 2821 1499 2871 speciemque
1527 2822 1774 2871 sapientium.

288 2887 418 2940 Haec,
456 2903 556 2942 quae
586 2888 742 2943 plenius
772 2888 974 2931 afferenda
1004 2896 1117 2932 erant
1153 2895 1197 2931 ut
1225 2889 1273 2931 de
1303 2891 1525 2932 sententiae
1556 2895 1693 2932 tenore
1729 2895 1946 2942 constaret,
1983 2890 2039 2929 ita
2064 2890 2121 2930 uti
2152 2904 2271 2945 supra

488 3042 521 3080 *)
546 3041 728 3073 Diomedes
753 3052 784 3082 p.
802 3043 875 3081 314,
896 3044 936 3074 10
960 3043 1002 3074 K.
1025 3044 1095 3074 viae
1118 3043 1242 3082 habilis,
1266 3043 1377 3075 virtuti
1397 3045 1493 3083 utilis,
1517 3054 1626 3076 scenae
1648 3050 1750 3085 aptus.
