2634 3457
1279 119 1304 158 6

303 231 580 283 significandis
606 238 702 270 orat.
727 232 789 280 70,
817 231 896 269 233
925 243 997 281 aye
1020 242 1126 267 sume
1146 230 1192 267 de
1214 228 1384 267 Gracchi
1401 229 1510 280 apud
1534 240 1705 265 censores
1731 227 1845 276 illud,
1874 227 1985 266 cuius
2011 225 2166 276 generis
2188 230 2280 264 sunt

303 305 374 342 illa
394 304 471 342 duo
492 318 542 342 ex
564 304 744 355 epistolis
765 302 815 341 ad
835 302 1016 341 Atticum
1037 316 1060 340 a
1080 302 1207 341 Booto
1229 307 1377 341 notata.
1417 301 1531 339 Licet
1551 299 1746 352 quaedam
1768 299 1998 339 discrimina
2018 297 2277 348 intercedant,

305 390 406 429 quae
434 376 633 415 neminem
661 375 823 426 fugient,
854 380 986 413 tamen
1014 374 1053 412 in
1081 387 1126 413 eo
1152 374 1381 426 conspirant
1409 372 1552 421 omnia,
1582 379 1623 410 ut
1650 371 1744 424 quid
1767 369 1908 412 Cicero
1934 372 1976 411 in
2001 371 2069 412 illo
2095 370 2279 410 liberiore

306 463 380 487 usu
401 448 575 499 genetivi
603 447 676 486 sibi
699 446 924 498 permiserit
949 445 1102 497 liquido
1123 445 1376 497 patefaciant.
1422 445 1554 496 Atque
1583 444 1617 483 is
1645 458 1737 483 usus
1759 444 1800 482 in
1827 444 1939 483 libris
1961 443 2122 496 quidem
2141 450 2280 481 notan-

307 520 368 560 dis
391 521 511 559 etiam
538 520 655 558 latius
689 519 834 570 patuit3
871 518 978 557 velut
1008 517 1115 557 idem
1141 531 1265 569 genus
1298 516 1525 569 agnoscitur
1550 516 1590 554 in
1617 516 1678 554 his
1705 529 1806 567 quae
1832 515 2017 567 leguntur
2042 515 2228 554 Academ.
2252 527 2280 554 11

306 594 371 643 44,
397 592 475 631 136
497 592 656 643 leyimus
677 604 805 629 omnes
823 589 1024 629 Crantoris
1045 591 1182 628 veteris
1205 590 1432 628 Academici
1449 589 1495 627 de
1517 589 1619 627 luctu
1627 603 1639 634 ;
1661 595 1714 627 est
1733 590 1835 627 enim
1854 602 1933 627 non
1952 602 2129 640 maynus,
2150 601 2281 626 verum

307 665 488 704 aureolus
510 696 518 704 .
543 695 550 704 .
574 663 735 703 libellus.
783 661 896 712 Quae
923 663 990 715 qui
1015 662 1138 714 probe
1165 663 1372 713 taxaverit,
1402 660 1598 711 intelliget
1618 660 1812 699 Varronis
1839 674 1939 713 quae
1961 667 2053 700 sunt
2079 660 2126 699 de
2146 660 2281 711 lingua

307 737 452 775 Latina
472 748 515 775 IX
538 738 571 785 1,
600 736 639 773 in
663 735 894 773 Florentino
923 735 1059 773 codice
1085 735 1143 773 sic
1171 734 1391 786 perscripta
1417 733 1547 773 Crates
1573 732 1714 772 nobilis
1738 735 2037 784 yrammaticus,
2066 734 2136 786 qui
2148 733 2281 784 fretus

308 808 543 859 Chrysippo,
572 806 725 844 homine
750 807 987 853 acutissimo,
1016 807 1087 856 qui
1109 806 1269 857 reliquit
1298 807 1385 855 περὶ
1411 803 1656 856 ἀνωμαλίας,
1685 807 1750 844 iei
1776 802 1880 855 (sive
1908 803 1973 855 lei)
2005 805 2122 844 libri
2148 812 2281 844 contra

307 879 520 930 analoyz'an
547 886 662 930 atque
683 877 956 916 Aristarchum
977 884 1031 915 est
1054 878 1185 925 nixus,
1213 874 1448 928 Spengelios
1470 890 1548 915 non
1570 882 1674 915 recte
1697 882 1900 927 tractasse,
1931 890 2018 916 cum
2045 877 2100 916 ita
2121 876 2282 916 ederent

308 952 378 1003 qui
395 950 555 1002 reliquit
581 951 668 1000 περὶ
695 946 928 999 ἀνωμαλίας
956 958 1002 985 Ill
1025 947 1158 997 libros,
1188 962 1324 987 verum
1346 949 1401 987 ita
1422 948 1541 988 scribi
1563 955 1741 1000 oportere
1765 955 1805 987 ut
1826 949 1920 988 olim
1942 949 2185 1002 propositum
2208 954 2278 998 est,

306 1023 440 1074 fretus
461 1021 682 1074 Chrysippo
704 1024 775 1074 qui
792 1022 952 1073 reliquit
971 1024 1058 1070 περὶ
1085 1018 1330 1072 ἀνωμαλίας,
1357 1023 1416 1060 iis
1437 1019 1538 1071 (sive
1559 1023 1629 1059 ieis
1655 1028 1696 1059 ut
1717 1020 1819 1059 infra
1841 1021 1864 1060 3
1891 1020 1961 1069 iet)
1988 1021 2122 1059 libris
2147 1028 2281 1059 contra

307 1096 520 1146 analoqian
548 1102 603 1133 est
627 1096 756 1133 nixus.
787 1094 925 1145 Neque
947 1094 1052 1132 enim
1074 1093 1123 1132 ad
1143 1093 1241 1132 haec
1261 1094 1421 1145 reliquit
1441 1096 1527 1144 περὶ
1548 1091 1779 1144 ἀνωμαλίας
1801 1100 1884 1132 erat
1905 1093 2009 1145 quod
2030 1092 2123 1132 addi
2145 1092 2277 1142 velles,

307 1181 407 1219 quae
437 1173 518 1206 tam
548 1172 654 1205 recte
685 1166 869 1205 dicuntur
898 1180 1016 1218 quam
1045 1165 1115 1204 illa
1144 1163 1353 1209 Cicemnis
1386 1167 1546 1218 leqimus
1576 1165 1776 1206 Grantoris
1806 1166 1852 1205 de
1880 1166 1996 1205 luctu.
2044 1165 2135 1205 Non
2168 1165 2279 1204 dissi-

306 1239 419 1278 milia
439 1245 532 1277 sunt
552 1238 621 1277 illa
642 1252 742 1290 quae
764 1236 904 1278 Cicero
926 1238 1065 1277 scribit
1087 1237 1133 1277 de
1155 1238 1402 1277 Dicaearcho
1424 1238 1474 1277 ad
1494 1238 1579 1278 Att.
1602 1251 1631 1278 11
1652 1239 1688 1289 2,
1714 1240 1732 1277 1
1765 1240 2022 1291 Πελληναίων
2041 1240 2083 1277 in
2102 1238 2280 1277 manibus

306 1310 479 1350 tenebam
500 1318 535 1349 et
553 1310 706 1349 hercule
724 1324 909 1362 maynum
927 1323 1106 1349 acervum
1128 1310 1367 1349 Dicaearchi
1385 1311 1481 1349 mihi
1504 1319 1591 1350 ante
1609 1312 1725 1363 pedes
1745 1319 2029 1350 exstruoeeram:
2057 1325 2077 1349 ο
2099 1325 2281 1362 maynum

307 1384 513 1432 hominem,
536 1390 571 1421 et
589 1383 691 1421 unde
710 1382 829 1421 multo
844 1383 967 1435 plura
987 1382 1172 1421 didiceris
1194 1396 1310 1435 quam
1331 1383 1378 1421 de
1397 1383 1591 1422 Procilio.-
1622 1386 1848 1433 Κορινθίων
1874 1390 1908 1421 et
1934 1380 2163 1433 Ἀθηναίων
2184 1390 2279 1434 puto

308 1469 366 1494 me
386 1455 535 1493 Romae
553 1454 705 1492 habere.
750 1453 906 1502 Quibus
928 1468 1006 1492 non
1026 1455 1219 1493 inutiliter
1240 1455 1504 1506 adiungentur
1525 1456 1621 1494 haec
1643 1456 1690 1494 de
1711 1455 1887 1494 eiusdem
1908 1454 2146 1493 Dicaearchi
2166 1455 2279 1493 libris

307 1540 408 1578 quae
440 1526 579 1565 scribit
600 1524 742 1565 Cicero
772 1525 822 1565 ad
843 1526 928 1564 Att.
955 1538 1030 1565 xm
1059 1527 1126 1576 31,
1155 1527 1179 1565 2
1215 1527 1456 1565 Dicaearchi
1482 1541 1577 1578 quos
1606 1527 1743 1566 scribis
1774 1526 1894 1566 libros
1923 1540 2016 1565 sane
2044 1525 2157 1564 velim
2185 1525 2282 1564 mihi

307 1601 451 1649 mittas,
488 1599 613 1638 addas
648 1599 764 1638 etiam
800 1596 1083 1649 Καταβάσεως,ι
1119 1597 1214 1639 ibid.
1244 1598 1312 1649 32,
1342 1598 1365 1638 2
1400 1598 1640 1639 Dicaearchi
1672 1599 1761 1650 περὶ
1797 1599 1925 1651 ψυχῆς
1955 1605 2139 1651 utrosque
2167 1597 2280 1637 velim

307 1673 438 1710 mittas
468 1677 503 1709 et
532 1668 799 1720 Καταβάσεως
834 1667 954 1720 (conf.
984 1670 1047 1720 39,
1076 1668 1135 1720 2),
1168 1684 1216 1708 ex
1248 1670 1392 1722 quibus
1419 1678 1560 1708 natura
1587 1677 1626 1708 et
1650 1671 1758 1721 origo
1792 1670 1908 1708 huius
1943 1670 2280 1720 breviloquentiae

309 1744 528 1795 dispicitur.
575 1741 653 1780 Sed
683 1756 750 1780 eos
777 1743 988 1793 praecipue
1015 1743 1081 1794 qui
1107 1743 1221 1781 multi
1248 1750 1340 1781 sunt
1366 1743 1406 1781 in
1433 1742 1602 1781 citandis
1629 1743 1820 1782 librorum
1847 1743 1973 1782 titulis
2001 1742 2179 1782 videmus
2207 1743 2281 1782 ista

309 1816 470 1855 concisa
490 1814 684 1854 brevitate
705 1813 773 1864 uti,
803 1822 844 1853 ut
870 1814 1055 1864 genetivo
1082 1813 1347 1865 defungantur
1372 1815 1439 1867 qui
1466 1814 1569 1855 unde
1595 1820 1754 1867 regatur
1774 1815 1876 1855 ultro
1896 1814 2148 1866 intelligitur:
2178 1815 2280 1867 quod

309 1901 446 1939 genus,
475 1891 517 1925 ut
536 1898 663 1938 pauca
683 1885 906 1936 afferamus,
935 1883 1148 1925 Suetonius
1170 1886 1265 1924 dicit
1286 1886 1333 1924 de
1355 1900 1518 1937 gramm.
1541 1887 1591 1925 21
1620 1900 1657 1937 p.
1682 1888 1772 1935 116,
1799 1887 1826 1925 4
1854 1887 1971 1926 Reiff.
1999 1895 2042 1926 ut
2060 1888 2144 1939 ipse
2163 1888 2283 1926 tradit

310 1960 589 2016 sexaqesimum
614 1959 750 1996 aetatis
775 1971 922 1996 annum
948 1972 1066 2010 ayens
1093 1959 1239 1997 libellos
1266 1960 1520 2010 ineptiarum,
1549 1961 1618 2010 qui
1644 1973 1746 1997 nunc
1773 1961 1978 1997 iocorum
2003 1959 2281 2008 inscribuntur,

310 2044 538 2082 componere
556 2031 734 2068 instituit.
800 2029 942 2068 Festus
965 2044 1000 2081 p.
1024 2031 1116 2079 378,
1140 2031 1164 2068 5
1186 2030 1307 2068 Th.R
1332 2030 1481 2068 duobus
1500 2032 1543 2068 in
1568 2030 1832 2081 compluribus
1854 2030 2110 2080 orationibus,
2132 2046 2217 2069 cum
2238 2032 2284 2070 de

311 2104 407 2142 actis
428 2103 552 2140 disser
569 2133 576 2141 .
595 2131 603 2139 .
622 2103 654 2140 ti
671 2103 780 2140 cuius
796 2102 911 2140 etiam
926 2101 1124 2154 perscribi
1137 2101 1241 2152 solet,
1264 2102 1308 2140 id
1326 2109 1381 2140 est
1399 2103 1631 2141 rationum
1650 2102 1924 2149 relatarum,
1948 2103 2053 2155 quod
2067 2102 2126 2141 his
2142 2102 2283 2142 tabulis

311 2175 496 2213 docentur
520 2174 667 2212 iudices
693 2187 791 2225 quae
814 2173 971 2226 publice
996 2174 1089 2212 data
1113 2181 1228 2225 atque
1254 2180 1413 2225 accepta
1436 2174 1514 2212 sint
1539 2172 1657 2223 (cons.
1680 2180 1754 2213 act.
1777 2186 1806 2213 11
1827 2175 1866 2213 in
1888 2175 2003 2213 Verr.
2025 2186 2038 2213 Ι
2062 2175 2123 2224 14,
2148 2173 2227 2224 37).

310 2245 454 2284 Festus
476 2258 513 2296 p.
535 2244 627 2294 404,
650 2245 702 2282 23
727 2244 872 2294 referri
889 2246 990 2283 diem
1007 2247 1243 2297 prodictam,
1270 2247 1314 2283 id
1333 2253 1387 2284 est
1406 2246 1606 2296 anteferri,
1628 2247 1854 2299 reliyiosum
1873 2255 1939 2291 est,
1960 2254 2003 2285 ut
2020 2249 2076 2285 ait
2098 2247 2285 2286 Veranius

310 2319 353 2356 in
374 2331 431 2365 eo,
454 2317 524 2368 qui
543 2324 598 2354 est
618 2317 931 2367 auspiciorum
951 2317 997 2354 de
1013 2319 1190 2356 comitiis.
1254 2317 1366 2355 Idem
1383 2331 1419 2368 p.
1438 2317 1529 2367 274,
1550 2319 1601 2357 10
1620 2332 1664 2357 ea
1685 2320 1732 2357 de
1747 2319 1887 2370 quibus
1903 2319 2085 2357 dissentio
2107 2325 2141 2357 et
2154 2326 2285 2370 aperte

312 2398 346 2429 et
366 2390 533 2428 breviter
552 2396 594 2428 ut
612 2402 725 2441 spero
746 2390 893 2440 scripta
912 2390 955 2428 in
974 2389 1034 2428 his
1055 2389 1166 2428 libris
1186 2391 1280 2429 meis
1300 2391 1557 2440 invenientur,
1578 2390 1845 2430 inscribuntur
1869 2389 2163 2443 “priscorum
2186 2405 2284 2430 ver-

312 2462 471 2501 borum
502 2475 599 2500 cum
628 2457 887 2513 exemplis?
969 2460 1123 2501 Gellius
1151 2462 1191 2500 in
1225 2462 1398 2514 capitulo
1427 2462 1519 2502 libri
1552 2464 1652 2502 sexti
1682 2461 1818 2515 (vulgo
1845 2460 2021 2515 septimi)
2051 2463 2076 2501 2
2107 2464 2150 2501 in
2176 2463 2285 2502 libris

312 2536 394 2573 eius
415 2532 622 2582 (Caesellii
644 2531 847 2583 Vindicis)
868 2547 964 2586 quos
984 2536 1184 2586 inscripsit
1210 2536 1458 2574 lectionum
1477 2538 1799 2588 antiquarum;
1824 2536 1864 2574 in
1887 2541 1996 2574 textu
2023 2537 2062 2573 in
2083 2536 2162 2573 illis
2183 2550 2284 2574 com-

311 2608 513 2646 mentariis
530 2607 734 2645 lectionum
749 2608 1003 2658 antiquarum
1019 2606 1183 2646 Caeselli
1202 2608 1385 2648 Vindicis.
1457 2608 1516 2647 Id.
1535 2621 1548 2648 1
1569 2609 1632 2657 25,
1654 2610 1701 2648 17
1726 2609 1911 2648 Aurelius
1930 2608 2086 2660 Opilius
2102 2610 2143 2647 in
2156 2610 2285 2661 primo

313 2680 503 2718 librorum
528 2693 624 2730 quos
650 2679 890 2717 Musarum
915 2681 1126 2731 inscripsit.
1207 2680 1265 2719 Id.
1286 2692 1330 2719 IX
1360 2681 1420 2730 16,
1446 2682 1464 2719 1
1493 2681 1652 2720 Plinius
1680 2680 1882 2720 Secundus
1905 2712 1912 2720 .
1937 2711 1944 2719 .
1968 2680 2086 2719 libros
2112 2681 2284 2733 reliquit,

315 2764 410 2803 quos
430 2751 744 2790 studiosorum
763 2752 976 2803 inscripsit.
1054 2751 1112 2790 Id.
1134 2763 1179 2791 XI
1200 2753 1237 2802 5,
1259 2754 1284 2791 ὃ
1307 2751 1439 2805 Super
1459 2766 1536 2804 qua
1555 2766 1597 2791 re
1611 2753 1832 2792 Favorinus
1849 2781 1857 2790 .
1876 2783 1883 2791 .
1901 2753 2028 2791 decem
2049 2752 2167 2791 libros
2187 2766 2286 2792 com-

312 2824 456 2874 posuit,
485 2836 581 2875 quos
608 2826 867 2874 Πυρρωνείων
893 2822 1046 2874 τρόπων
1072 2824 1259 2863 inscribit.
1338 2824 1397 2863 Id.
1419 2836 1492 2864 xvi
1516 2825 1576 2875 12,
1603 2827 1621 2864 1
1651 2824 1822 2865 Cloatius
1854 2825 1971 2865 Verus
1995 2825 2169 2864 inlibris
2191 2839 2301 2877 quos.

313 2896 514 2945 inscripsit
534 2894 777 2934 Verborum
797 2910 822 2933 a
846 2893 1037 2933 Graecis
1059 2903 1313 2934 tractorum
1337 2910 1417 2935 non
1433 2911 1564 2948 pauca
1589 2886 1684 2936 dicit
1702 2899 1852 2936 curiose
1875 2898 2104 2948 conquisita.
2183 2897 2287 2937 Cha-

314 2965 432 3006 risius
454 2981 491 3019 p.
516 2965 604 3018 199,
633 2965 685 3007 28
705 2965 757 3006 Κ.
780 2972 818 3007 et
839 2981 956 3020 saepe
977 2966 1160 3007 similiter
1181 2967 1236 3006 M.
1260 2966 1353 3007 Cato
1374 2968 1549 3007 dierum
1569 2969 1800 3008 dictarum
1820 2969 1866 3008 de
1885 2969 2089 3009 consulatu
2107 2982 2190 3018 suo,
2219 2970 2286 3010 ubi
