2634 3457
1293 127 1319 167 9

645 247 688 279 ut
711 240 845 279 videas
866 251 965 291 quae
989 239 1041 278 sit
1067 239 1109 277 in
1138 251 1184 277 ea
1211 239 1356 292 species
1385 243 1425 277 et
1442 237 1586 289 forma
1615 245 1651 277 et
1677 240 1782 278 notio
1812 240 1893 278 viri
1919 238 2023 289 boni,

317 311 367 350 ad
396 310 499 351 hanc
528 311 718 351 orationis
754 310 922 350 formam
951 310 1112 362 propius
1142 310 1327 349 accedere
1363 315 1494 362 potest
1522 324 1641 362 quam
1671 311 1775 362 quod
1804 312 1950 362 legitur
1980 311 2028 349 de
2058 325 2099 350 re
2129 311 2290 362 publica

317 395 346 421 11
372 383 435 432 29,
464 383 513 421 51
539 385 678 434 prima
706 384 758 419 sit
784 382 877 419 haec
895 381 1038 431 forma
1066 389 1100 419 et
1128 383 1274 433 species
1308 389 1343 420 et
1371 383 1481 433 oriyo
1513 383 1686 432 tyranni.
1735 382 1787 421 Et
1817 396 1934 433 saepe
1970 382 2071 421 solet
2108 382 2150 421 in
2185 382 2290 421 hunc

315 454 476 493 modum
503 454 740 506 tripertitam
770 453 990 492 orationem
1020 452 1220 503 geminata
1255 452 1533 492 coniunctione
1563 451 1819 503 conformare,
1850 452 1960 492 velut
1991 452 2038 492 de
2059 467 2100 492 re
2131 453 2291 505 publica

314 539 357 566 vr
390 525 614 566 l7.scribit
642 524 702 564 sol
730 523 883 573 obtinet,
921 525 1001 563 dux
1035 531 1071 563 et
1094 525 1280 577 princeps
1309 531 1344 564 et
1372 524 1594 564 moderator
1629 524 1818 563 luminum
1846 525 2107 577 reliquorum;
2144 525 2191 563 de
2220 525 2288 563 fin.

315 609 329 636 Ι
359 597 423 648 2Ο,
446 597 499 637 65
528 597 645 635 multo
674 597 799 647 maqis
819 598 900 635 vita
921 603 955 634 et
970 596 1099 645 factis
1125 603 1159 634 et
1182 596 1353 634 moribus
1383 596 1659 648 comprobavit,
1692 596 1739 634 cf.
1761 609 1775 635 1
1797 598 1834 646 6,
1859 597 1924 645 193
1957 611 2027 648 pro
2049 597 2182 635 Deiot.
2204 597 2241 645 3,
2265 598 2289 635 8

312 682 385 721 per
402 669 524 719 fldem
552 676 589 707 et
616 670 872 707 constantiam
902 676 936 707 et
964 668 1203 707 clementiam
1232 676 1337 707 tuam
1368 668 1502 706 libera.
1556 668 1735 719 Denique
1761 681 1808 706 ne
1836 668 1929 719 quid
1952 668 2158 707 omittatur
2184 666 2289 719 quod

317 742 367 781 ad
396 756 480 780 rem
509 741 717 792 pertineat,
749 740 823 780 hoc
854 740 1021 780 dicimus
1047 754 1127 780 non
1153 754 1241 780 raro
1262 740 1383 780 simili
1411 738 1645 780 condicione
1673 745 1711 779 et
1732 739 1921 780 omissam
1942 748 1977 780 et
1997 739 2231 793 particulam
2252 745 2291 779 et

314 813 483 852 fidenter
499 827 522 852 a
538 813 686 852 criticis
703 813 928 864 repositam,
951 819 993 851 ut
1010 812 1058 851 de
1074 812 1137 851 off.
1155 825 1169 852 1
1189 813 1249 863 17,
1268 813 1321 851 54
1336 813 1541 865 sanquinis
1561 813 1780 851 coniunctio
1796 819 1830 851 et
1845 812 2104 851 benevolentia
2124 813 2292 852 devincit

314 886 486 925 homines
517 881 584 936 [et]
616 886 796 932 caritate,·
826 884 866 923 in
897 884 1012 924 Verr.
1035 891 1111 923 act.
1132 896 1163 924 11
1183 883 1251 923 lib.
1273 896 1287 924 1
1308 884 1371 934 33,
1395 884 1448 924 85
1479 885 1561 923 eius
1590 885 1651 923 rei
1678 885 1791 923 duces
1818 891 1853 923 et
1877 891 2051 923 auctores
2082 882 2149 933 [et]
2179 885 2290 936 prin-

315 959 418 1009 cipes
435 957 581 1008 fuisse,
611 956 660 995 al.

512 1027 708 1066 Nolumus
734 1027 808 1065 hoc
834 1032 1109 1078 argumentum
1139 1027 1322 1078 quamvis
1352 1028 1528 1079 amplum
1558 1028 1743 1078 persequi
1773 1027 1943 1078 longius,
1977 1028 2046 1066 sed
2076 1033 2208 1066 tamen
2240 1028 2289 1066 si·

314 1099 551 1139 militudinis
582 1114 701 1139 causa
731 1115 852 1139 unum
883 1099 1002 1139 etiam
1023 1099 1153 1140 locum
1174 1099 1485 1153 perstringemus
1507 1100 1629 1151 brevi,
1663 1114 1751 1140 eum
1778 1099 1882 1140 unde
1903 1099 2130 1152 Madvigius
2153 1099 2200 1139 de
2222 1100 2288 1140 fin.

315 1172 340 1211 l.
362 1186 396 1211 c.
418 1185 556 1211 ansam
586 1172 700 1223 petiit
730 1171 833 1210 hanc
861 1185 945 1210 rem
975 1171 1024 1210 ad
1055 1172 1246 1211 amussim
1276 1172 1517 1224 disputandi.
1573 1172 1756 1211 Dicimus
1788 1173 1909 1211 verba
1939 1172 2037 1211 haec

649 1243 756 1282 Tuus
785 1244 850 1282 ille
878 1244 1078 1283 Poenulus
1110 1277 1116 1284 .
1150 1275 1158 1282 .
1186 1275 1195 1284 .
1227 1258 1385 1283 causam
1419 1258 1497 1284 non
1528 1243 1700 1283 obtinens
1734 1252 1975 1297 repuqnante
2004 1251 2147 1283 natura
2176 1243 2291 1283 verba

643 1329 798 1354 versare
827 1317 953 1369 coepit
981 1323 1016 1355 et
1042 1317 1214 1368 primum
1242 1315 1356 1355 rebus
1385 1317 1436 1355 iis
1466 1330 1564 1368 quas
1593 1330 1663 1355 nos
1690 1315 1811 1355 bonas
1842 1316 2007 1355 dicimus
2037 1317 2222 1355 concessit
2250 1323 2292 1354 ut

642 1388 875 1426 haberentur
903 1395 1019 1440 aptae
1048 1388 1194 1427 habiles
1224 1396 1259 1427 et
1287 1390 1341 1427 ad
1367 1396 1552 1427 naturam
1582 1390 1904 1428 accommodatae.

312 1460 373 1498 De
400 1459 461 1498 his
488 1460 711 1512 postremis,
743 1474 844 1511 quae
870 1460 929 1499 sic
955 1460 1104 1512 scripta
1124 1460 1278 1500 suntin
1298 1460 1425 1511 libris,
1456 1460 1652 1512 Madvigii
1675 1461 1784 1499 varia
1803 1461 1962 1500 fuerunt
1985 1460 2092 1499 vario
2115 1468 2288 1511 tempore

312 1532 475 1571 iudicia:
508 1532 678 1583 primum
709 1532 815 1571 enim
844 1531 1010 1571 alterum
1032 1540 1066 1571 et
1085 1532 1207 1572 inseri
1236 1532 1370 1583 voluit,
1403 1532 1589 1584 quoniam
1611 1532 1708 1572 haec
1736 1533 1812 1572 tria
1832 1539 1964 1572 essent
1987 1540 2024 1572 et
2045 1533 2129 1584 pari
2150 1532 2288 1571 ordine

313 1617 354 1642 se
376 1603 614 1655 exciperent,
641 1611 757 1656 aptae
778 1599 847 1655 [et]
871 1603 1017 1643 habiles
1038 1611 1073 1643 et
1091 1605 1145 1643 ad
1163 1611 1347 1643 naturam
1366 1605 1698 1651 accommodatam
1727 1610 1869 1656 postea
1886 1604 2033 1643 habiles
2048 1603 2147 1643 ‘tota
2168 1605 2287 1654 signi-

313 1675 495 1713 ficatione
517 1688 616 1726 quae
638 1675 687 1713 ad
708 1675 866 1714 facilem
886 1676 1161 1715 tractationem
1182 1673 1407 1727 pertineret’
1430 1677 1480 1715 ab
1497 1676 1571 1715 hoc
1593 1677 1680 1715 loco
1702 1677 1876 1715 alienum
1893 1690 1979 1715 esse
2000 1682 2109 1715 ratus
2126 1676 2287 1715 Baitero

313 1747 411 1786 duce
432 1749 690 1798 (quamquam
706 1747 811 1786 idem
832 1748 911 1786 iam
928 1746 1101 1787 Orellius
1122 1744 1398 1799 proposuerat)
1429 1746 1531 1787 hanc
1552 1762 1689 1787 vocem
1720 1761 1789 1800 pro
1811 1746 2002 1787 additicia
2023 1746 2163 1786 habuit
2184 1761 2287 1785 eam·

313 1832 388 1870 que
408 1819 450 1858 in
472 1818 625 1858 duabus
643 1818 883 1859 editionibus
900 1818 1012 1859 uncis
1029 1817 1224 1858 inclusam
1246 1818 1443 1869 exhibuit3
1466 1818 1636 1871 denique
1658 1819 1725 1858 ubi
1746 1818 1917 1858 Heinius
1939 1832 1987 1857 ex
2008 1826 2124 1871 aptae
2144 1819 2290 1857 habiles

313 1889 562 1929 efficiendum
593 1904 680 1929 esse
709 1890 966 1929 aestimabiles
987 1891 1156 1929 coniecit
1182 1890 1532 1942 (quemadmodum
1554 1891 1593 1929 in
1617 1891 1855 1942 quibusdam
1876 1891 2080 1929 codicibus
2103 1892 2291 1943 optabiles

313 1961 435 2000 scribi
464 1975 534 2012 pro
564 1969 680 2013 aptae
709 1962 855 2000 habiles
885 1962 1087 2011 traditur),
1128 1962 1231 2000 hanc
1266 1963 1534 2001 coniecturam
1569 1963 1818 2013 ingeniosam
1849 1969 1887 2000 et
1923 1962 2172 2013 probabilem
2203 1976 2289 2001 esse

313 2033 537 2083 affirmavit,
565 2033 633 2072 sed
662 2033 718 2072 uti
740 2047 787 2072 ea
810 2033 852 2072 in
873 2033 1155 2073 conformando
1182 2039 1292 2073 textu
1314 2048 1433 2074 ausus
1455 2048 1534 2074 non
1556 2040 1632 2084 est3
1666 2033 1927 2074 confidentior
1957 2048 2044 2073 eam
2073 2033 2289 2074 Muellerus

313 2119 385 2145 sua
410 2103 583 2144 editione
603 2105 764 2157 recepit.
805 2105 888 2145 Nos
910 2105 959 2145 ab
981 2104 1055 2145 hoc
1076 2111 1277 2158 postremo
1298 2105 1497 2158 progressi
1519 2111 1561 2144 ut
1586 2105 1684 2144 haec
1704 2106 1915 2145 conamina
1944 2119 2286 2158 recognoscamus,

311 2177 562 2230 ingeniosum
592 2191 679 2217 esse
709 2177 821 2216 illum
852 2177 1089 2217 emendandi
1120 2177 1281 2217 modum
1306 2178 1422 2217 facile
1452 2177 1717 2227 concedimus,
1751 2178 1999 2230 probabilem
2025 2185 2063 2216 et
2091 2192 2225 2217 verum
2248 2185 2289 2217 ut

311 2250 528 2290 habeamus
550 2263 629 2288 non
650 2249 894 2289 adducimur.
943 2251 1047 2289 Nam
1074 2251 1148 2289 etsi
1174 2265 1253 2289 non
1274 2264 1347 2289 nos
1368 2249 1481 2300 fugit,
1502 2251 1746 2301 propositam
1769 2263 1903 2289 vocem
1925 2249 2095 2289 stabiliri
2116 2249 2286 2301 quodam

312 2321 428 2361 modo
458 2321 507 2361 iis
533 2307 638 2424 ,qliae
669 2328 737 2360 aut
763 2321 933 2361 Heinius
964 2322 1097 2361 attulit
1127 2329 1194 2361 aut
1223 2321 1355 2361 afferri
1384 2328 1550 2374 possunt
1580 2321 1687 2361 velut
1718 2335 1818 2373 quae
1848 2322 1995 2373 scripta
2026 2327 2118 2361 sunt
2145 2321 2192 2360 de
2218 2321 2284 2360 fin.

310 2406 352 2434 lv
373 2394 438 2444 21,
461 2394 513 2432 58
544 2395 675 2432 omnia
704 2407 803 2445 quae
830 2395 1040 2432 secundum
1068 2402 1252 2433 naturam
1277 2396 1355 2432 sint
1383 2395 1649 2432 aestimatione
1673 2395 1810 2445 aliqua
1836 2395 1957 2445 difsna
1978 2407 2098 2445 eaque
2125 2407 2199 2444 pro
2229 2408 2283 2443 eo,

313 2473 500 2518 quantum
520 2467 563 2503 in
583 2479 735 2517 quoque
754 2467 806 2503 sit
827 2466 1032 2517 ponderis,
1064 2479 1143 2504 esse
1163 2466 1418 2510 aestimanda,
1450 2465 1513 2504 vel
1533 2479 1633 2517 quae
1655 2465 1751 2503 ibid.
1774 2466 1828 2504 60
1857 2479 1901 2503 ea
1923 2479 2022 2516 quae
2041 2465 2150 2504 Zeno
2171 2467 2286 2504 aesti-

311 2538 457 2576 manda
479 2545 514 2576 et
531 2538 718 2576 sumenda
738 2544 774 2576 et
791 2544 886 2589 apta
914 2545 1081 2576 naturae
1100 2550 1180 2575 esse
1200 2537 1315 2586 dixit,
1346 2537 1478 2575 eadem
1497 2536 1562 2575 illi
1579 2535 1680 2575 bona
1700 2536 1914 2588 appellant,
1937 2542 2070 2575 tamen
2091 2550 2141 2575 ex
2162 2536 2286 2575 altera

312 2615 424 2662 parte
453 2616 585 2662 aptae,
617 2622 693 2661 quo
723 2609 883 2649 nomine
913 2606 1054 2649 Cicero
1085 2609 1126 2648 in
1157 2608 1278 2648 simili
1308 2608 1507 2648 sententia
1537 2608 1625 2661 plus
1657 2608 1781 2647 semel
1812 2622 1905 2647 usus
1937 2614 1997 2647 est
2027 2621 2116 2646 cum
2147 2608 2287 2647 scribit

310 2694 338 2721 v
358 2682 395 2733 6,
421 2682 468 2721 17
496 2689 632 2735 aptum
657 2689 693 2721 et
716 2683 1047 2722 accommodatum
1070 2689 1234 2721 naturae
1263 2695 1343 2720 esse
1372 2689 1557 2734 oportere,
1590 2692 1633 2720 1v
1662 2681 1724 2731 17,
1747 2681 1799 2719 46
1827 2681 2004 2733 proponi
2030 2694 2179 2719 necesse
2208 2694 2287 2720 esse

311 2761 407 2805 apta
435 2762 470 2792 et
498 2756 788 2794 accommodata
817 2764 995 2805 naturae,
1026 2762 1065 2794 et
1095 2769 1195 2806 quae
1221 2754 1338 2793 modo
1359 2754 1562 2793 attulimus
1593 2766 1635 2793 1v
1658 2754 1722 2804 21,
1746 2755 1808 2804 60,
1842 2768 1911 2805 pro
1934 2752 2057 2793 nihilo
2078 2752 2225 2792 habere
2247 2759 2287 2793 et

312 2824 544 2877 corrigendo
572 2825 737 2879 auferre,
767 2841 948 2867 veremur
973 2841 1023 2867 ne
1044 2826 1107 2867 cui
1133 2826 1252 2867 nimis
1279 2826 1532 2866 temerarium
1559 2825 1752 2865 videatur.
1801 2824 1976 2865 Facilius
2006 2824 2109 2864 feras
2139 2824 2287 2864 habiles

311 2898 517 2949 removeri,
549 2912 627 2951 quo
648 2899 807 2952 dempto
829 2898 1066 2940 Ciceronem
1087 2900 1163 2940 sibi
1185 2905 1433 2939 constantem
1453 2897 1686 2949 reddideris,
1719 2899 1784 2950 qui
1805 2912 1866 2937 res
1887 2906 2001 2951 aptas
2022 2906 2057 2937 et
2076 2912 2286 2938 accommo-

311 2971 424 3009 datas
453 2977 618 3009 naturae
643 2972 829 3023 appellat,
861 2972 1021 3012 easdem
1051 2972 1198 3011 habiles
1229 2973 1268 3011 in
1291 2986 1337 3011 ea
1358 2971 1555 3011 sententia
1575 2971 1672 3010 alibi
1694 2972 1773 3010 non
1795 2971 1907 3010 dixit.
1958 2969 2038 3010 Sed
2060 2977 2205 3022 tamen,
2238 2986 2286 3010 ne

311 3056 572 3095 praepropere
589 3042 822 3094 iudicemus,
847 3044 1036 3096 quoniam
1053 3041 1289 3084 Ciceronem
1306 3042 1486 3082 videmus
1509 3041 1571 3082 his
1594 3042 1749 3082 duobus
1769 3042 1970 3082 vocabulis
1988 3057 2284 3094 nonnumquam

1980 3117 2001 3148 2
