2634 3457
1309 130 1334 170 8

330 240 564 282 Omittimus
595 256 785 294 quaerere
806 243 874 295 qui
894 242 969 282 hoc
996 247 1064 282 aut
1083 241 1181 281 illud
1208 241 1324 294 primi
1348 239 1586 293 protulerint
1611 244 1679 279 aut
1704 244 1794 292 post
1824 238 1924 279 alios
1953 238 2177 292 probarint:
2206 236 2305 276 illud

329 312 512 362 dicimus,
551 313 626 353 hoc
662 315 793 366 ipsum
829 314 935 367 quod
971 315 1005 354 si
1039 314 1352 353 additamentum
1381 312 1530 351 factum
1560 318 1621 351 cst
1649 324 1767 362 aegre
1798 310 1976 361 definias,
2014 315 2141 349 utram
2171 324 2305 349 earum

330 397 471 423 vocum
502 384 619 424 alteri
650 386 781 425 aliena
810 400 929 425 manu
950 386 1150 438 appictam
1180 385 1407 433 habeamus,
1440 383 1664 434 argumenti
1691 383 1787 420 satis
1815 396 1914 432 esse,
1947 383 1980 421 si
2008 387 2213 433 peccatum
2240 382 2303 431 sit,

328 469 408 494 non
438 456 515 494 isto
537 457 655 496 modo
678 463 881 508 peccatum
903 471 1002 496 esse.
1049 456 1219 495 Accedit
1238 455 1342 507 quod
1364 454 1505 494 Cicero
1526 454 1624 493 haec
1644 453 1721 492 duo
1742 453 1906 493 nomina
1925 468 2004 493 non
2025 452 2152 493 solum
2173 467 2242 505 per
2262 467 2304 493 se

329 527 488 576 singula
518 528 589 567 sed
619 530 735 568 ambo
766 528 949 580 copulata
975 542 1093 579 saepe
1121 528 1263 579 posuit,
1296 528 1336 565 in
1365 526 1524 579 propria
1545 525 1722 564 oratione
1749 539 1828 564 non
1849 525 1980 564 minus
2002 538 2120 577 quam
2149 524 2303 564 tralata.

328 596 451 637 Velut
481 597 580 638 haec
611 613 711 652 quae
733 599 872 639 scribit
902 598 949 638 de
970 599 1057 650 lege
1079 599 1235 650 agraria
1264 598 1377 649 1113,
1401 597 1452 636 32
1470 596 1678 649 formam
1707 596 1834 635 adhuc
1853 596 2015 644 habetis,
2048 595 2232 645 Quiritee,
2264 604 2306 635 et

327 671 523 722 speciem
553 672 683 725 ipsam
703 679 959 724 tyrannorum
980 678 1048 709 aut
1068 684 1138 723 pro
1162 669 1299 710 Caelio
1320 670 1357 721 3,
1380 671 1404 708 6
1434 677 1523 708 eunt
1541 671 1617 708 isca
1638 669 1843 708 maledicta
1859 671 2095 723 pervulqata
2113 671 2157 709 in
2177 684 2305 709 omnes

328 756 496 795 quorum
525 745 569 782 in
595 745 855 783 adolescentia
871 744 1033 795 forma
1064 751 1104 782 et
1132 745 1309 795 species
1323 743 1413 793 fuit
1437 741 1628 791 liberalis,
1661 741 1758 780 etin
1781 740 1942 782 Tuscul.
1965 742 2067 794 disp.
2088 754 2115 782 V
2137 743 2200 793 39,
2226 742 2303 781 114

328 815 497 853 Homeri
512 817 723 868 picturam,
753 830 831 855 non
853 817 1005 869 poesim
1024 816 1218 862 videmu83
1249 829 1348 866 quae
1366 816 1484 866 reyio,
1517 828 1617 865 quae
1637 827 1721 861 ora,
1754 815 1824 865 qui
1843 814 1949 853 locus
1973 813 2174 863 Graeciae,
2207 828 2305 866 quae

328 889 506 938 species
530 888 786 941 formaque
818 902 985 941 puqnae,
1024 901 1124 939 quae
1159 889 1262 926 acies
1294 918 1301 926 .
1331 917 1339 925 .
1370 917 1378 927 .
1414 900 1493 926 nori
1520 888 1578 925 ita
1607 887 1779 939 expieta,
1811 885 1909 925 haec
1938 886 2139 938 inquimus
2173 900 2303 925 nonne

330 958 531 997 debebant
547 973 732 998 revocare
749 961 799 999 ab
817 974 863 998 ea
879 960 1064 1011 opinione
1087 974 1164 1010 qua
1185 960 1379 1010 putabant
1399 959 1565 997 alterum
1582 972 1632 996 ex
1649 958 1801 997 duobus
1822 972 1943 1010 prave
1963 959 2191 1009 accessisse,
2215 973 2303 998 cum

328 1030 563 1083 praesertim
594 1044 708 1068 nemo
738 1031 891 1069 nesciat
918 1028 1152 1069 Ciceronem
1183 1029 1383 1067 cumulare
1408 1028 1555 1067 similia
1581 1028 1706 1066 solere
1736 1028 1867 1079 potius
1898 1043 2015 1081 quam
2047 1044 2207 1081 parcere
2236 1044 2302 1069 no-

328 1103 515 1152 minibus,
549 1103 615 1153 qui
637 1103 699 1141 vel
720 1103 817 1141 talia
847 1103 997 1151 scribit,
1031 1109 1072 1140 ut
1097 1116 1224 1153 pauca
1250 1116 1349 1153 quae
1370 1102 1450 1141 illis
1477 1100 1699 1153 propinqua
1724 1099 1803 1140 sint
1823 1106 1861 1140 et
1882 1101 2052 1141 finitima
2080 1101 2301 1153 afferamus,

329 1186 399 1225 pro
431 1173 547 1212 Rosc.
570 1173 706 1212 Amer.
730 1174 793 1224 22,
819 1174 870 1213 63
896 1181 1112 1212 monctrum
1138 1174 1395 1211 certissimum
1420 1180 1472 1210 est
1498 1186 1576 1210 esse
1595 1173 1766 1224 aliquem
1792 1172 1965 1212 humana
1991 1188 2041 1226 81)
2052 1175 2145 1213 ecie
2169 1182 2209 1212 et
2224 1174 2301 1224 fi-

325 1259 462 1297 qura5
494 1245 541 1284 de
571 1245 674 1284 offic.
697 1258 743 1285 111
764 1247 800 1295 4,
827 1247 876 1285 16
906 1246 1202 1284 similitudinem
1232 1246 1429 1297 quandam
1457 1244 1642 1296 yerebant
1661 1245 1902 1296 speciemque
1921 1247 2176 1298 sapientium3
2206 1246 2300 1287 ibid.

328 1331 340 1357 1
362 1319 398 1368 5,
424 1318 474 1357 15
492 1318 673 1368 formam
694 1319 849 1370 quidem
869 1319 998 1371 ipsam
1017 1325 1052 1357 et
1070 1325 1271 1370 tamquam
1285 1317 1437 1369 faciem
1456 1317 1608 1356 honesti
1620 1317 1743 1364 vide83
1772 1330 1841 1368 pro
1862 1314 1998 1357 Scaur.
2024 1319 2084 1369 17,
2109 1319 2159 1358 38
2181 1326 2300 1370 tems,

327 1391 369 1428 in
390 1390 529 1442 quibus
550 1390 692 1430 docebo
712 1404 791 1430 non
810 1391 923 1429 modo
943 1390 1093 1429 nullam
1114 1390 1239 1444 fidem
1259 1396 1294 1428 et
1313 1390 1592 1436 auctoritatem,
1622 1389 1690 1427 sed
1706 1402 1754 1428 ne
1778 1391 1943 1441 speciem
1964 1391 2118 1441 quidem
2139 1404 2217 1430 esse
2236 1399 2303 1430 aut

326 1463 536 1515 imayinem
556 1464 719 1502 testium.
759 1461 1027 1512 Quamobrem
1049 1461 1153 1514 quod
1175 1462 1253 1501 ista
1273 1461 1348 1499 duo
1370 1461 1532 1500 nomina
1551 1461 1770 1513 composita
1790 1469 1892 1511 sunt,
1925 1476 2004 1501 non
2026 1469 2108 1502 erat
2127 1463 2302 1515 profecto

326 1534 432 1585 quod
462 1535 630 1573 alterum
662 1542 791 1573 utrum
822 1549 957 1573 eorum
995 1535 1217 1585 culparetur
1253 1540 1291 1572 et
1326 1533 1591 1573 damnaretur.
1651 1531 1732 1572 Sed
1761 1533 1927 1573 offensio
1964 1535 1997 1573 si
2027 1549 2105 1586 qua
2134 1542 2194 1575 est
2223 1551 2301 1575 non

325 1611 457 1657 potest
483 1620 571 1645 esse
597 1606 676 1645 nisi
708 1605 812 1658 quod
841 1619 931 1645 cum
959 1606 1034 1644 tria
1061 1605 1140 1645 sint
1167 1604 1244 1644 duo
1272 1610 1424 1644 tantum
1455 1605 1676 1657 posteriora
1704 1618 1774 1657 per
1803 1605 2036 1658 particulam
2067 1606 2299 1658 iunguntur:

326 1679 482 1729 species,
508 1677 651 1729 forma
680 1685 716 1717 et
742 1679 862 1717 notio.
908 1676 997 1716 Hoc
1027 1677 1131 1716 enim
1162 1676 1373 1716 abhorrere
1404 1691 1427 1715 a
1458 1675 1664 1716 Ciceronis
1694 1691 1803 1715 more
1834 1677 1982 1728 dicunt,
2015 1692 2131 1729 quem
2152 1685 2219 1718 aut
2239 1680 2300 1719 bis

326 1763 471 1801 ponere
502 1750 822 1788 coniunctionem
854 1750 981 1788 solere
1012 1756 1079 1787 aut
1107 1763 1156 1787 ne
1187 1748 1310 1787 semel
1340 1748 1499 1799 quidem
1531 1749 1734 1800 explorato
1766 1763 1839 1789 usu
1869 1750 2134 1790 confirmetur.
2184 1750 2301 1791 Hanc

327 1822 565 1861 sententiam
593 1823 687 1861 olim
716 1822 939 1873 Krarupius
962 1820 1075 1870 dixit,
1099 1834 1187 1859 cum
1208 1826 1275 1858 aut
1300 1821 1442 1871 species
1463 1825 1532 1859 aut
1544 1820 1686 1871 forma
1707 1819 1830 1860 deleri
1851 1820 2025 1871 inberet3
2058 1820 2300 1875 eandemque

328 1893 578 1943 sententiam,
611 1900 746 1932 nostro
778 1892 937 1944 quidem
969 1892 1056 1930 loco
1087 1891 1378 1943 praetermisso,
1410 1891 1638 1942 Madvigius
1667 1892 1862 1944 probavit,
1895 1893 1961 1944 qui
1986 1906 2067 1931 non
2088 1894 2210 1932 semel
2231 1894 2300 1933 sed

326 1964 389 2003 bis
421 1978 467 2003 ea
497 1965 531 2004 si
552 1977 629 2017 qua
658 1965 697 2003 in
726 1964 899 2015 vulgatis
927 1963 1221 2015 exemplaribus
1252 1961 1442 2012 refragari
1470 1962 1705 2001 videbantur
1736 1963 1913 2002 studiose
1944 1965 2119 2002 excussit
2149 1963 2301 2016 (opusc.

326 2036 437 2074 acad.
458 2048 473 2075 1
494 2050 529 2087 p.
554 2038 650 2086 3343
684 2037 731 2075 de
752 2037 899 2075 finibus
931 2049 972 2075 [v
994 2037 1057 2085 20,
1091 2034 1173 2081 56).
1224 2033 1304 2082 Qui
1326 2049 1564 2087 quamquam
1584 2050 1633 2074 ne
1655 2035 1713 2074 sic
1733 2035 1894 2087 quidem
1916 2049 2072 2074 omnem
2094 2037 2299 2077 materiam

327 2108 523 2158 exhausit,
556 2116 687 2148 tamen
710 2109 833 2148 multa
862 2107 1125 2161 probabiliter
1145 2105 1361 2158 expedivit,
1392 2120 1480 2146 cum
1502 2113 1570 2146 aut
1590 2107 1783 2148 bonorum
1804 2107 1985 2148 codicum
2004 2107 2082 2147 fide
2104 2108 2213 2149 nisus
2235 2115 2301 2150 aut

326 2181 555 2221 coniectura
585 2181 742 2221 adiutus
773 2181 890 2221 modo
921 2179 1084 2220 adderet
1115 2178 1349 2231 particulam
1380 2192 1481 2231 quae
1512 2178 1677 2230 deesset,
1709 2179 1827 2219 modo
1857 2193 1958 2232 quae
1989 2187 2214 2232 superesset
2242 2195 2300 2221 re·

326 2252 510 2303 traheret,
532 2253 730 2292 interdum
754 2267 874 2292 unum
895 2253 943 2292 de
965 2253 1091 2291 tribus
1113 2252 1342 2291 nominibus
1365 2258 1407 2290 ut
1426 2252 1658 2291 additicium
1680 2252 1839 2303 deleret,
1863 2267 2161 2305 nonnumquam
2181 2254 2300 2293 inter-

326 2324 519 2376 pretando
550 2325 769 2364 orationem
801 2325 1026 2377 bipertitam
1058 2339 1145 2365 esse
1176 2338 1246 2377 pro
1277 2324 1474 2376 tripertita
1504 2324 1672 2365 doceret.
1722 2325 1770 2364 Id
1801 2326 1906 2365 enim
1933 2325 2007 2364 hac
2034 2313 2300 2378 disputatione

324 2397 521 2436 evincitur
551 2411 629 2435 non
652 2397 785 2435 omnia
808 2412 884 2435 una
905 2404 946 2435 ut
972 2398 1083 2436 aiunt
1108 2397 1258 2449 pertica
1278 2397 1439 2435 tractari
1461 2410 1587 2449 posse,
1612 2397 1681 2437 sed
1703 2403 1884 2436 accurate
1912 2397 2085 2436 discerni
2107 2404 2297 2450 oportere,

326 2468 359 2506 si
390 2468 544 2506 laboret
565 2469 702 2518 oratio,
735 2481 812 2520 qua
834 2475 942 2519 parte
964 2469 1130 2517 laboret,
1164 2475 1205 2506 ut
1226 2482 1340 2507 suum
1362 2468 1502 2519 cuique
1523 2468 1609 2507 loco
1630 2468 1848 2507 remedium
1869 2468 2116 2508 adhibeatur.
2160 2469 2299 2521 Itaque

326 2539 382 2578 sic
412 2539 606 2578 rationem
639 2538 928 2588 concludimus,
967 2540 1006 2577 in
1038 2539 1169 2577 verbis
1201 2538 1435 2578 Officiorum
1471 2552 1571 2590 quae
1607 2539 1779 2579 diximus
1816 2553 1894 2578 non
1931 2539 2098 2578 alterum
2134 2539 2299 2580 duorum

325 2612 531 2651 nominum
563 2625 663 2663 quae
694 2618 784 2663 apte
815 2611 998 2663 componi
1027 2617 1210 2664 poterant
1238 2610 1329 2650 falsi
1360 2610 1615 2662 arguendum,
1648 2611 1718 2651 sed
1745 2611 1820 2651 hoc
1846 2611 1973 2651 solum
2000 2611 2148 2663 ambigi
2170 2619 2299 2653 utrum

324 2683 493 2723 addatur
522 2682 717 2736 particula
747 2697 849 2736 quae
880 2682 983 2723 desit
1012 2697 1063 2723 an
1093 2697 1195 2737 quae
1217 2684 1269 2723 sit
1289 2690 1547 2734 removeatur,
1581 2684 1767 2736 quoniam
1798 2690 2007 2737 utrumque
2036 2684 2129 2722 ferri
2159 2686 2297 2737 potuit,

326 2762 364 2793 et
394 2769 493 2807 quae
522 2757 573 2793 cit
599 2758 641 2793 in
671 2770 715 2793 ea
744 2757 890 2807 speciec
907 2756 1048 2804 forma
1077 2754 1157 2805 [et]
1187 2758 1292 2794 notio
1323 2757 1403 2793 viri
1421 2756 1513 2794 bom·
1537 2763 1575 2795 et
1599 2759 1743 2808 species
1776 2754 1842 2808 [et]
1867 2758 2008 2807 forma
2029 2765 2064 2795 et
2081 2759 2186 2796 notio
2205 2773 2240 2797 v.
2263 2759 2297 2797 b.

327 2826 506 2876 Quorum
532 2835 664 2866 utrum
685 2827 930 2880 probabilius
958 2827 1020 2878 sit,
1053 2827 1141 2880 quis
1164 2826 1363 2867 dubitabit
1383 2840 1471 2866 cum
1493 2827 1701 2879 intelligat,
1736 2834 1776 2868 ut
1798 2828 1958 2868 tollatur
1978 2828 2171 2881 particula
2190 2829 2300 2869 nulla

327 2913 366 2938 re
397 2899 567 2949 suaderi,
599 2899 766 2938 eandem
796 2898 968 2952 adiicere
999 2913 1069 2938 suo
1098 2899 1185 2938 loco
1213 2899 1349 2938 iubere
1370 2900 1514 2938 omnia.
1565 2898 1671 2949 Quid
1693 2901 1798 2939 enim
1824 2900 1980 2939 facilius
2006 2914 2125 2953 quam
2152 2903 2246 2942 addi
2265 2911 2301 2943 et

326 2977 416 3022 post
444 2973 600 3023 speciee,
633 2971 744 3010 cuius
775 2972 904 3010 exitus
936 2985 1159 3023 comparem
1181 2986 1306 3023 paene
1328 2972 1523 3023 syllabam
1544 2973 1711 3024 proclivi
1732 2987 1860 3012 errore
1881 2973 2024 3012 hausit.
2074 2975 2159 3014 Nec
2188 2975 2300 3016 deest

326 3042 554 3082 simillimae
585 3042 773 3082 orationis
805 3043 1043 3095 exemplum.
1103 3043 1210 3093 Quid
1241 3043 1346 3082 enim
1377 3044 1411 3083 si
1442 3044 1602 3097 scripsit
1632 3042 1773 3085 Cicero
1803 3043 1909 3097 quod
1938 3050 2120 3097 putamus
