2634 3457
1256 81 1303 119 11

292 189 439 240 scripta
468 196 577 240 sunt,
609 189 826 228 Muellerus
862 188 987 228 edidit
1016 189 1181 229 inclusis
1220 190 1352 229 verbis
1387 197 1455 228 aut
1485 190 1696 240 Aristides,
1736 190 1965 241 ceteroquin
1998 196 2181 229 accurate
2216 189 2267 229 ad

290 260 497 300 meliorum
528 261 709 301 codicum
730 261 974 309 memoriam,
1007 275 1173 313 quorum
1201 261 1280 301 fide
1310 261 1383 300 hos
1408 260 1532 301 libros
1552 260 1736 301 Baiterus
1763 261 1805 301 in
1827 260 2033 300 Turicensi
2055 260 2180 300 altera
2208 275 2266 300 re-

291 333 460 383 censuit,
495 333 638 385 spretis
669 333 718 372 iis
746 333 780 371 si
806 346 885 384 qua
910 340 1057 371 temere
1083 339 1261 371 correcta
1284 333 1325 371 in
1357 332 1595 371 deteriorum
1627 334 1761 384 paucis
1788 333 2022 372 afferuntur:
2059 333 2136 371 nisi
2161 332 2267 384 quod

289 419 370 443 non
399 404 447 443 ab
477 405 548 454 hie,
587 403 692 456 quod
723 409 784 443 est
811 404 852 442 in
883 404 1087 443 codicibus
1115 405 1309 443 Tullianis
1341 404 1409 443 sed
1440 404 1488 442 ab
1518 404 1590 443 hoc
1617 405 1766 455 recepit
1800 419 1895 444 usus
1922 403 2122 443 Lactantii
2153 405 2265 443 testi-

290 476 433 527 monio,
465 477 533 527 qui
563 475 661 514 haec
690 476 813 514 verba
831 476 871 514 in
894 475 1132 515 Divinarum
1161 476 1455 515 institutionum
1484 488 1527 516 vr
1557 477 1582 516 6
1604 490 1640 527 p.
1662 477 1743 516 504
1764 476 1830 516 Br.
1852 476 1927 515 hoc
1948 475 2066 515 modo
2088 476 2129 515 in
2151 490 2265 516 suum

291 560 402 586 usum
430 547 643 586 convertit:
675 548 772 598 quid
800 548 1033 599 sapientiam
1061 561 1189 587 nonne
1216 548 1319 587 idem
1349 546 1602 596 (Ciceronem
1623 554 1714 586 ante
1734 545 1967 600 appellavit)
1995 548 2196 598 confitetur
2223 550 2266 586 in

287 618 532 670 plziloeophis
554 632 633 657 esee
652 619 826 657 nullam?
855 617 953 658 “aut
972 633 1058 657 cum
1077 616 1314 658 Fabm'ciu8”
1343 621 1474 671 inquit
1492 616 1601 658 “aut
1620 619 1859 658 Aristides
1879 622 2005 658 iaetue
2024 621 2263 668 nominatur,

289 697 357 728 aut
374 689 424 728 ab
445 690 525 728 illis
538 690 797 740 fortitudinis
817 698 886 729 aut
909 690 962 729 ab
983 690 1064 746 7²⁰9
1088 691 1258 729 iustitiae
1278 698 1478 743 tamquam
1501 705 1524 728 a
1545 691 1718 742 sapiente
1736 691 1882 741 petitur
1897 691 2124 742 exemplum.
2155 704 2264 729 nemo

289 764 390 800 enim
418 762 556 800 horum
585 764 641 800 sic
670 764 841 814 sapiens,
871 771 914 802 ut
941 764 1154 814 sapientem
1181 763 1357 801 volumus
1385 762 1567 813 intelliqi,
1598 776 1667 800 nec
1695 763 1729 800 iz·
1761 763 1831 813 qui
1853 763 2046 814 sapientes
2072 762 2199 801 habiti
2231 770 2265 801 et

287 835 492 882 nominati,
518 834 570 872 M.
594 833 686 873 Cato
709 841 743 872 et
764 835 803 873 C.
826 834 985 873 Laelius
1014 836 1206 887 sapientes
1224 834 1407 885 fuerunt,
1437 847 1486 872 ne
1513 834 1576 872 illi
1605 834 1761 885 quidem
1790 841 1943 885 septem,
1976 835 2041 871 sed
2070 848 2116 872 ex
2145 835 2263 872 medi-

289 918 399 943 orum
428 905 651 958 officiorum
659 906 892 956 frequentia
912 906 1207 943 similitudinem
1228 907 1427 956 quandam
1448 905 1635 956 yerebant
1658 907 1898 956 epeciemque
1921 902 2196 955 sapientium.'’
2230 908 2266 943 ei

288 991 377 1027 erqo
408 985 443 1015 et
470 977 714 1027 philosophis
743 978 921 1027 ipsorum
950 977 1190 1027 consessione
1218 978 1399 1028 adempta
1429 977 1624 1028 sapientia
1654 983 1709 1016 eet
1737 984 1771 1016 et
1798 977 1859 1016 iis
1882 978 1962 1028 qui
1979 978 2096 1017 iusti
2114 976 2266 1017 habiti

287 1055 392 1087 eunt
421 1047 602 1100 adempta
631 1047 785 1086 iuetitia
815 1054 888 1098 est,
925 1061 1053 1087 omnes
1081 1048 1205 1101 ἐρέτην
1232 1047 1324 1088 illae
1351 1049 1506 1088 virtutis
1535 1048 1812 1101 description&
1833 1047 1972 1099 salsae
2005 1050 2083 1088 sint
2115 1062 2265 1089 neceese

288 1127 355 1170 eet,
388 1120 483 1173 quia
512 1133 612 1173 quae
640 1121 691 1158 sit
719 1133 811 1159 vera
840 1121 963 1159 virtus
992 1121 1090 1159 scire
1117 1133 1196 1159 non
1217 1127 1344 1173 poteet
1367 1122 1448 1159 nisi
1473 1122 1598 1158 iustus
1626 1133 1672 1158 ac
1697 1122 1865 1172 eapiene.
1906 1120 2031 1159 Paulo
2058 1122 2262 1172 negligen-

288 1193 366 1231 tius
396 1192 495 1231 haec
514 1192 750 1231 Lactantius
772 1206 820 1231 ex
842 1191 1047 1232 Ciceronis
1077 1194 1180 1232 libro
1201 1193 1404 1232 transtulit
1423 1193 1464 1232 in
1485 1207 1611 1242 suum,
1644 1206 1731 1231 cum
1756 1193 1876 1231 verba
1896 1201 1964 1232 aut
1982 1193 2030 1232 ab
2051 1194 2130 1232 illie
2139 1194 2263 1243 forti·

287 1264 436 1303 tudinis
451 1264 658 1303 retinuerit
678 1264 838 1315 quidem
860 1264 929 1303 sed
951 1278 997 1303 ea
1017 1264 1067 1303 ad
1088 1278 1188 1316 quae
1209 1264 1307 1303 haec
1327 1264 1589 1316 pertinebant,
1622 1264 1691 1302 illa
1712 1263 1880 1303 dicimus
1902 1263 1949 1303 de
1972 1263 2107 1303 Deciis
2128 1271 2167 1303 et
2180 1262 2263 1303 Sci-

286 1335 473 1386 pionibus
494 1335 589 1374 viris
610 1334 790 1385 fortibus,
814 1334 932 1374 simul
953 1349 1040 1374 cum
1062 1335 1274 1386 negatione
1290 1336 1486 1375 omiserit:
1508 1350 1601 1375 nam
1623 1335 1753 1388 ipsum
1776 1335 1970 1385 omisisse,
1994 1349 2072 1374 non
2096 1336 2261 1387 periisse

286 1418 380 1444 casu
402 1412 469 1444 aut
491 1419 634 1454 errore,
658 1406 741 1444 eius
763 1406 819 1444 rei
840 1405 1030 1444 indicium
1053 1420 1140 1445 esse
1161 1412 1295 1445 monet
1319 1406 1456 1456 editor,
1488 1406 1594 1458 quod
1625 1407 1757 1457 paullo
1788 1413 1878 1457 post
1903 1408 2095 1454 sapientes
2117 1406 2260 1458 (philo-

285 1476 446 1529 sophos)
468 1477 625 1528 quidem
647 1483 686 1515 et
704 1479 825 1516 iustos
846 1477 962 1526 dicat,
978 1477 1110 1527 fortes
1130 1484 1362 1529 praetereat.
1413 1476 1530 1525 Quod
1554 1492 1646 1516 vero
1668 1477 1817 1516 ibidem
1837 1478 1978 1517 scribit
2003 1479 2053 1516 iis
2074 1480 2144 1529 qui
2165 1479 2262 1517 iusti

285 1547 410 1586 habiti
427 1555 517 1586 eunt
536 1548 719 1600 adempta
745 1549 896 1586 iustitia
918 1556 983 1599 eet,
1009 1548 1101 1587 inde
1123 1554 1307 1600 putamus
1329 1549 1589 1600 probabiliter
1610 1548 1744 1597 colligi
1765 1554 1857 1587 ante
1879 1548 1955 1586 duo
1977 1549 2150 1598 nomina,
2182 1550 2258 1588 Fa-

285 1619 402 1658 bricii
417 1626 456 1658 ct
471 1620 673 1669 Arietidie,
696 1619 832 1668 fuisse,
857 1633 1097 1670 quamquam
1118 1620 1222 1671 quod
1239 1620 1461 1671 insequitur
1481 1620 1529 1659 ab
1545 1620 1616 1659 hoc
1639 1620 1763 1659 videri
1787 1620 1915 1671 possit
1930 1634 2009 1659 non
2027 1620 2164 1659 referri
2181 1621 2259 1660 nisi

285 1691 334 1732 ad
358 1707 489 1731 unum.
530 1691 655 1743 Atqui
677 1691 798 1731 verba
817 1698 886 1731 aut
905 1692 1111 1742 Aristides,
1139 1705 1240 1744 quae
1259 1691 1471 1732 Lactantio
1493 1706 1580 1732 cum
1603 1690 1796 1732 Cicerone
1818 1692 2043 1731 communia
2070 1699 2172 1743 sunt,
2201 1706 2259 1732 re-

285 1764 480 1804 centiores
497 1763 623 1803 critici
640 1762 803 1803 Ioannis
818 1762 1028 1803 Michaelis
1043 1762 1283 1816 Heusingeri
1305 1763 1462 1803 decreto
1478 1764 1800 1817 obtemperantes
1818 1777 1895 1803 uno
1913 1777 1980 1802 ore
2000 1764 2261 1816 suppositicia

284 1850 372 1876 esse
402 1836 635 1886 clamarunt,
666 1836 888 1875 rationibus
909 1835 968 1874 illi
989 1835 1149 1888 quidem
1169 1836 1242 1886 usi,
1274 1837 1417 1888 quibus
1448 1843 1632 1889 putamus
1653 1849 1733 1874 non
1753 1836 1922 1874 multum
1943 1836 2115 1888 probari.
2156 1836 2258 1874 Nam

284 1908 389 1960 quod
420 1908 568 1957 dicunt,
603 1908 636 1945 si
667 1907 743 1945 duo
774 1908 935 1945 nomina
960 1908 1051 1956 sint,
1084 1908 1206 1946 verba
1225 1910 1350 1946 iustus
1369 1909 1595 1947 nominatur
1620 1914 1723 1946 stare
1754 1922 1832 1946 non
1859 1922 1976 1958 posse
2003 1914 2042 1946 et
2066 1907 2260 1959 pluralem

284 1993 489 2017 numerum
510 1978 622 2017 verbi
649 1978 807 2029 requiri,
838 1992 917 2016 non
940 1984 1045 2017 recte
1066 1992 1149 2017 rem
1171 1979 1390 2030 accipiunt:
1417 1992 1545 2030 neque
1569 1978 1674 2017 enim
1698 1977 1774 2017 duo
1798 1978 2008 2017 coniuncte
2030 1977 2257 2028 afferuntur,

283 2050 351 2090 sed
382 2049 496 2102 quasi
525 2049 685 2101 optione
716 2048 808 2088 data
829 2047 971 2089 Cicero
1001 2049 1057 2088 ita
1082 2049 1268 2102 loquitur,
1300 2064 1387 2089 cum
1405 2049 1613 2089 Fabricius
1632 2057 1700 2089 aut
1719 2050 1756 2088 si
1774 2050 1898 2088 mavis
1919 2049 2114 2088 Aristides
2134 2050 2259 2097 iaetus

281 2123 517 2172 nominatur,
548 2127 591 2160 ut
619 2135 669 2161 ne
699 2121 872 2173 potuerit
901 2121 1061 2174 quidem
1092 2121 1346 2160 multitudine
1377 2122 1487 2161 verbi
1518 2122 1586 2160 uti.
1626 2121 1674 2160 In
1705 2121 1780 2159 hac
1809 2126 1940 2160 autem
1971 2121 2149 2160 orat-ione
2179 2135 2257 2160 non

282 2194 412 2233 minus
442 2199 548 2232 recte
579 2192 626 2231 ab
657 2193 727 2231 hoc
757 2193 861 2244 quod
892 2200 952 2232 est
981 2193 1085 2245 apud
1115 2193 1383 2244 Lactantium,
1416 2207 1534 2245 quam
1564 2192 1670 2245 quod
1702 2191 1910 2233 Ciceronis
1940 2192 2033 2232 libri
2062 2199 2258 2232 testantur

282 2265 330 2304 ab
361 2265 421 2304 hie
450 2264 530 2303 illis
561 2264 714 2303 duobus
745 2264 973 2303 nominibus
1004 2265 1196 2316 applicari
1227 2266 1367 2317 potuit.
1427 2264 1544 2314 Quod
1575 2279 1669 2304 vero
1700 2265 1820 2303 etiam
1851 2265 1983 2304 verbis
2013 2273 2212 2316 tamquam
2231 2280 2256 2303 a

280 2338 453 2389 eapiente
486 2350 565 2374 non
596 2349 712 2387 posse
748 2336 824 2373 nisi
858 2350 977 2373 unum
1007 2337 1223 2386 significari
1258 2337 1410 2384 volunt,
1445 2337 1545 2386 fugit
1575 2350 1642 2375 eos
1672 2337 1791 2385 ratio,
1831 2337 1865 2374 si
1895 2336 2054 2387 quidem
2085 2336 2159 2375 hoc
2189 2351 2254 2388 pa·

280 2410 375 2448 riter
405 2408 455 2447 ad
472 2408 604 2458 fortes
634 2413 672 2446 et
701 2406 751 2446 ad
779 2408 924 2446 iustum
951 2408 1123 2446 iustoeve
1150 2406 1280 2446 redire
1309 2420 1473 2446 necesse
1503 2413 1580 2454 est3
1612 2420 1684 2444 nec
1712 2406 1876 2444 dubium
1903 2412 1963 2445 est
1984 2406 2078 2458 quin
2105 2407 2255 2446 omissa

280 2481 433 2520 iustitia
462 2479 509 2518 de
540 2479 635 2519 solis
665 2479 834 2519 fortibus
863 2485 969 2518 recte
1000 2478 1121 2518 scribi
1151 2479 1326 2531 potuerit
1354 2493 1441 2517 cum
1465 2477 1589 2525 forte8
1617 2478 1698 2515 vim·
1725 2484 2088 2537 commemorantur,
2125 2477 2173 2515 ab
2204 2479 2253 2516 iis

276 2552 530 2603 fortitudinis
557 2565 635 2590 non
665 2558 864 2602 tamquam
889 2566 914 2589 a
933 2551 1107 2603 sapiente
1133 2551 1281 2602 petitur
1309 2549 1534 2602 eoeemplum.
1576 2549 1717 2601 Itaque
1747 2548 1809 2588 his
1841 2548 2002 2601 quidem
2029 2549 2252 2590 rationibus

280 2624 456 2664 nondum
486 2623 602 2663 nobis
633 2623 814 2663 videmur
844 2638 891 2663 ex
922 2638 968 2663 ea
997 2623 1195 2663 sententia
1224 2621 1366 2661 deiecti
1388 2635 1475 2661 esse
1501 2635 1578 2674 qua
1598 2621 1835 2673 putabamus
1866 2620 2057 2660 orationis
2084 2620 2251 2661 formam

279 2710 398 2748 quam
420 2693 562 2737 Cicero
592 2695 767 2736 instituit
795 2710 873 2735 non
905 2710 1026 2735 unum
1056 2701 1208 2735 tantum
1239 2708 1383 2734 nomen
1403 2693 1504 2733 ferre
1527 2699 1594 2732 aut
1619 2693 1797 2745 flagitare
1818 2693 1887 2732 sed
1909 2693 1978 2732 illa
1999 2692 2075 2732 duo
2098 2692 2252 2733 duobus

278 2769 447 2808 testibus
468 2768 646 2808 stabilita
665 2782 746 2808 non
766 2769 897 2808 minus
919 2767 1124 2808 commode
1144 2767 1330 2819 recipere.
1367 2764 1446 2805 Sed
1468 2766 1594 2805 critici
1612 2779 1689 2818 quo
1710 2766 1854 2804 certius
1876 2765 2063 2804 evincant
2083 2766 2252 2805 alterum

279 2854 328 2878 ex
357 2840 406 2877 iis
436 2840 665 2878 nominibus
696 2840 849 2878 alienae
879 2841 1014 2878 manui
1043 2845 1249 2890 acceptum
1277 2839 1383 2886 ferri,
1415 2838 1490 2876 hoc
1521 2844 1753 2887 argumento
1784 2843 1987 2887 tamquam
2014 2838 2252 2886 gravissimo

279 2918 453 2960 utuntur,
491 2911 594 2962 quod
628 2909 825 2951 Graecum
855 2926 1001 2951 nomen
1032 2910 1224 2951 Romanis
1254 2910 1477 2949 immixtum
1509 2906 1716 2950 Ciceronis
1747 2922 1898 2949 morem
1928 2914 1996 2949 aut
2026 2906 2143 2949 huius
2174 2907 2250 2949 loci

278 2988 461 3023 naturam
490 2981 592 3022 male
624 2980 782 3030 deceat,·
811 2980 930 3035 idque
961 2980 1153 3021 indicium
1184 2985 1339 3021 tantum
1370 2979 1502 3020 valere
1532 2979 1773 3032 praedicant,
1812 2986 1854 3019 ut
1885 2980 2076 3019 Aristidis
2106 2992 2251 3018 nomen

1944 3054 1988 3085 2·
