2634 3457
1241 95 1294 137 15

284 220 365 245 non
385 212 530 258 posset,
554 207 673 246 etiam
694 207 727 246 si
748 207 949 259 singulare
969 212 1075 252 esset
1093 208 1135 246 in
1156 207 1316 260 scriptis
1338 207 1550 247 Tullianis:
1581 207 1651 247 sed
1672 213 1731 247 est
1752 208 1792 247 in
1813 214 1998 260 promptu
2019 209 2255 261 exemplum,

285 278 486 329 geminum
507 278 610 329 quod
638 278 754 318 nobis
782 279 948 330 videtur,
975 278 1082 331 quod
1107 278 1201 318 licet
1226 279 1347 318 alium
1374 279 1600 331 explicandi
1630 279 1789 318 modum
1816 294 1895 319 non
1922 281 2098 334 recipiat,
2126 287 2257 319 tamen

285 349 447 399 nemini,
481 357 671 402 quantum
705 350 864 401 seimus,
898 351 1168 403 suspicionem
1199 351 1335 400 movit,
1369 356 1413 390 ut
1443 350 1688 401 intelligatur
1718 350 1814 390 talia
1844 350 1969 390 aciem
2003 352 2146 390 mentis
2178 365 2257 390 non

286 421 414 460 solum
446 421 704 461 scribentium
737 421 805 461 sed
838 422 957 461 etiam
989 421 1207 473 legentium
1239 422 1410 474 effugere
1442 428 1481 461 et
1513 428 1555 461 ut
1586 422 1705 461 scribi
1738 423 1794 462 ita
1822 423 1901 475 legi
1928 423 2014 463 sine
2041 423 2258 463 offensione

286 507 416 545 posse.
454 494 499 532 In
522 493 699 533 oratione
720 506 789 545 pro
810 493 938 534 Balbo
958 493 1057 533 haec
1076 493 1259 545 leguntur
1282 495 1343 545 14,
1366 495 1432 534 32.

614 565 771 604 Etenim
801 567 993 618 quaedam
1015 566 1187 616 foedera
1215 574 1381 613 exstant,
1419 574 1461 604 ut
1491 566 1811 615 Cenomanorum,
1846 566 2089 614 Insubrium,
2122 567 2260 605 Helve-

618 638 771 689 tiorum,
801 638 1012 691 Iapydum,
1039 638 1318 678 nonnullorum
1341 640 1432 677 item
1458 653 1504 677 ex
1526 637 1661 677 Gallia
1688 637 1958 688 barbarorum,
1991 653 2185 691 quorum
2213 640 2260 677 in

604 709 883 760 foederibus
913 717 1112 763 exceptum
1141 717 1207 759 eet,
1236 724 1284 749 ne
1313 712 1401 763 quis
1421 724 1553 749 eorum
1573 725 1596 748 a
1617 710 1727 749 nobis
1757 712 1851 748 civis
1880 711 2106 762 recipiatur.
2138 711 2260 762 quod-

615 783 653 820 εί
669 784 840 834 exceptio
848 782 970 833 facit,
990 796 1039 820 ne
1058 782 1181 833 liceat,
1204 783 1273 821 ubi
1289 796 1367 821 non
1387 784 1437 821 sit
1459 790 1667 834 exceptum,
1690 782 1748 821 ibi
1765 796 1914 821 necesse
1935 790 1988 821 est
2010 783 2134 822 licere.

287 852 559 892 Memorabilis
580 853 684 893 haud
706 854 825 894 dubie
845 860 906 894 est
925 853 1023 894 haec
1043 860 1241 894 structura
1261 860 1300 894 et
1319 854 1359 893 in
1381 854 1535 894 ambitu
1555 854 1746 893 orationis
1768 855 1931 893 minime
1953 855 2118 906 prolixo.
2158 855 2261 894 Nam

287 924 328 963 in
351 939 471 964 unum
493 925 597 965 coire
618 939 698 965 non
720 932 887 978 possunt
908 927 1100 978 quaedam
1108 927 1280 977 foedera
1300 934 1460 976 exstant,
1484 940 1650 978 quorum
1674 927 1716 964 in
1731 926 1975 976 foederibus,
2003 926 2072 964 sed
2099 934 2263 978 apparet

288 996 467 1048 pluribus
501 997 735 1049 populorum
766 998 996 1036 nominibus
1027 997 1171 1036 mediis
1203 998 1542 1037 intercedentibus
1574 998 1721 1036 factum
1755 1012 1841 1036 esse
1868 1004 1911 1036 ut
1935 998 1984 1036 ad
2016 998 2114 1037 haec
2139 999 2262 1050 appli-

289 1075 472 1107 carentur
492 1069 561 1107 illa
582 1083 748 1120 quorum
767 1071 810 1107 in
818 1069 1050 1120 foederibus
1071 1077 1270 1121 eoeceptum
1285 1077 1348 1119 est,
1366 1070 1558 1120 neglectis
1580 1070 1719 1120 primis
1737 1070 1869 1109 verbis
1892 1071 2084 1122 quaedam
2092 1070 2263 1121 foedera

288 1147 448 1189 exstant,
463 1153 563 1191 quae
577 1140 635 1178 sic
652 1140 872 1178 continuari
887 1141 1102 1179 orationem
1120 1140 1386 1192 postulabant,
1402 1148 1554 1179 exetant
1555 1141 1727 1191 foedera
1742 1142 1998 1192 complurium
2010 1141 2262 1193 populorum,

286 1214 329 1251 in
346 1212 484 1264 quibua
500 1219 697 1265 exceptum
712 1219 776 1252 eet.
808 1212 897 1252 Non
916 1212 1003 1262 erit,
1026 1212 1245 1266 opima-mur,
1269 1212 1336 1265 qui
1357 1211 1453 1252 haec
1474 1212 1709 1264 corrigendo
1731 1213 1770 1251 in
1793 1213 2077 1252 accuratiorem
2097 1212 2263 1252 formam

289 1297 469 1324 coercere
491 1283 640 1337 cupiat,
675 1284 709 1324 si
736 1284 878 1337 possit,
913 1298 1000 1324 cum
1028 1284 1281 1324 manifestum
1311 1285 1379 1335 sit,
1408 1284 1502 1337 quid
1529 1284 1577 1323 de
1606 1285 1705 1323 inita
1730 1285 1795 1323 via
1822 1292 2017 1324 oratorem
2046 1285 2263 1334 deflexerit,

290 1371 406 1409 quem
428 1371 476 1396 ne
497 1370 603 1396 nunc
619 1356 779 1409 quidem
800 1357 956 1408 longius
977 1356 1230 1395 intervallum
1251 1356 1458 1408 impedivit
1479 1356 1548 1396 sed
1570 1357 1894 1409 interpositorum
1916 1359 2068 1408 species
2097 1357 2264 1410 decepit.

290 1429 344 1469 Ut
370 1443 527 1481 sperare
552 1429 672 1468 liceat
698 1443 748 1468 ex
768 1428 844 1468 hoc
865 1428 1046 1480 exemplo
1068 1428 1235 1468 fortasse
1255 1428 1339 1468 fore
1360 1439 1402 1468 ut
1428 1428 1578 1481 aliquid
1606 1428 1773 1469 subsidii
1801 1429 1996 1469 redundet
2022 1430 2071 1469 ad
2099 1430 2265 1470 tutanda

290 1501 410 1541 verba
431 1500 479 1541 de
498 1501 645 1541 finibus
672 1514 772 1553 quae
794 1499 1056 1553 disceptanda
1076 1500 1332 1552 sumpsimus.

488 1572 535 1611 In
566 1573 705 1624 quinto
737 1572 785 1610 de
813 1572 960 1610 finibus
992 1585 1092 1623 quae
1121 1572 1307 1622 leguntur
1337 1572 1399 1621 24,
1423 1572 1476 1610 69

621 1643 706 1691 Quo
738 1645 851 1682 modo
881 1645 1016 1694 iqitur,
1046 1644 1215 1694 inquies,
1246 1657 1378 1681 verum
1409 1657 1487 1681 εεεε
1512 1644 1657 1694 poterit
1687 1644 1816 1681 omnia
1836 1644 1982 1692 referri
1999 1645 2054 1683 ad
2071 1659 2263 1683 summum

619 1715 772 1764 bonum,
796 1716 832 1754 si
850 1716 1059 1765 amicitiae,
1087 1716 1123 1753 si
1138 1715 1466 1767 propinquitates,
1494 1715 1531 1753 εἰ
1547 1714 1699 1766 reliqua
1719 1722 1876 1753 externa
1897 1729 2043 1755 summo
2065 1715 2163 1755 bono
2184 1729 2263 1755 non

619 1787 884 1826 continentur?
912 1787 985 1826 hac
1014 1787 1190 1826 videlicet
1216 1787 1381 1835 ratione,
1414 1786 1519 1838 quod
1544 1799 1601 1835 ea,
1627 1799 1726 1837 quae
1746 1794 1903 1824 externa
1923 1794 2022 1837 sunt,
2045 1789 2094 1825 iia
2115 1795 2265 1826 tuemur

618 1859 770 1909 officiie,
803 1872 903 1910 quae
932 1860 1113 1897 oriuntur
1141 1873 1166 1897 a
1191 1872 1260 1897 suo
1281 1860 1467 1910 cuiusque
1483 1872 1621 1910 qenere
1640 1859 1806 1897 virtutis.
1838 1872 1929 1896 nam
1950 1867 1985 1897 et
2004 1860 2124 1897 amici
2141 1859 2265 1898 cultus

618 1938 652 1970 et
675 1931 854 1983 parentis
875 1931 913 1969 ei
931 1932 1002 1982 qui
1021 1930 1149 1981 officio
1160 1930 1361 1982 funqdur,
1394 1931 1436 1968 in
1457 1943 1499 1968 eo
1521 1931 1608 1982 ipso
1623 1930 1792 1981 prodest,
1812 1930 1918 1981 quod
1932 1931 1987 1968 ita
1992 1930 2122 1982 sunqi
2137 1930 2264 1981 officio

617 2004 660 2042 in
688 2009 786 2042 recte
808 2002 937 2054 factis
967 2010 1038 2053 eet,
1076 2016 1176 2055 quae
1204 2010 1294 2041 eunt
1323 2010 1409 2041 orta
1437 2017 1461 2041 a
1491 2002 1710 2041 virtutibus.
1754 2015 1853 2054 quae
1889 2003 2044 2054 quidem
2073 2005 2265 2054 capientes

617 2082 797 2113 utentes
824 2082 1039 2127 sequuntur
1063 2076 1175 2113 duce
1200 2082 1370 2112 natura
1391 2082 1641 2125 tamquam;
1667 2087 1747 2112 non
1764 2074 1931 2125 perfecti
1948 2082 2073 2112 autem
2094 2074 2265 2113 homines·

619 2153 655 2185 et
672 2153 800 2185 tamen
819 2148 988 2198 inqeniie
1008 2146 1275 2185 excellentibus
1300 2146 1475 2198 praediti
1492 2147 1709 2183 excitantur
1729 2159 1843 2197 saepe
1860 2145 2003 2197 yloria,
2036 2160 2135 2196 quae
2154 2145 2266 2184 habet

617 2219 783 2270 speciem
810 2218 1019 2257 honestatis
1049 2225 1085 2257 et
1111 2219 1406 2257 similitudinem

289 2289 547 2327 multifariam
577 2290 739 2340 ingenia
769 2290 996 2328 criticorum
1027 2296 1300 2327 exercuerunt.
1352 2287 1649 2327 Sententiarum
1684 2294 1860 2326 tenorem
1892 2295 1930 2326 et
1959 2288 2261 2338 argumentandi

291 2361 396 2399 viam
425 2361 572 2412 optime
600 2361 832 2413 explanavit
852 2361 1078 2411 Madvigius
1109 2374 1236 2412 neque
1267 2366 1328 2399 est
1357 2359 1461 2412 quod
1492 2360 1532 2398 in
1565 2373 1611 2398 ea
1640 2373 1682 2397 re
1712 2372 1909 2397 moremur
1931 2358 2089 2398 diutius.
2134 2358 2261 2398 Nobis

288 2432 486 2483 agendum
516 2439 577 2472 est
607 2432 654 2472 de
685 2438 863 2472 extrema
891 2438 1001 2485 parte
1027 2432 1248 2472 sententiae
1279 2438 1318 2472 et
1347 2431 1530 2484 inprimis
1552 2431 1600 2469 de
1622 2431 1752 2469 verbis
1775 2444 1873 2482 quae
1893 2430 2048 2481 quidem
2068 2431 2262 2482 eapientee

288 2511 432 2544 utentes
461 2497 676 2557 eequuntur
705 2505 802 2544 duce
826 2512 971 2544 natura
991 2512 1202 2557 tamquam,
1235 2497 1337 2556 quae
1356 2504 1499 2543 mirum
1521 2508 1559 2541 et
1579 2502 1877 2540 memorabilem
1897 2501 2076 2539 ordinem
2099 2501 2260 2552 habent,

288 2574 358 2614 sed
389 2589 478 2614 eum
509 2582 577 2614 aut
606 2576 783 2615 omnium
814 2581 881 2614 aut
910 2575 1118 2614 meliorum
1149 2575 1329 2613 codicum
1358 2574 1435 2612 fide
1457 2573 1688 2611 stabilitum.
1729 2572 1841 2610 Haec
1867 2579 1910 2610 ut
1935 2573 1985 2610 ad
2014 2574 2261 2623 probabilem

289 2647 455 2687 formam
493 2647 778 2700 redigerentur,
815 2648 895 2687 iam
931 2645 1175 2686 Goerenzius
1210 2645 1278 2684 illa
1315 2645 1391 2683 duo
1429 2643 1622 2684 vocabula
1656 2651 1801 2683 utentes
1836 2649 1875 2683 et
1911 2651 2112 2696 tamquam
2141 2652 2183 2684 ut
2214 2659 2261 2684 ex

287 2720 540 2770 glossematis
571 2726 658 2759 orta
687 2719 950 2771 expungenda
979 2725 1088 2757 ratus
1118 2724 1199 2764 est;
1233 2731 1310 2768 quo
1345 2717 1449 2756 facto
1485 2723 1688 2768 tamquam
1719 2716 1905 2756 Tulliana
1940 2716 2038 2756 haec
2066 2717 2263 2769 relinque-

287 2798 422 2831 rentur
452 2806 550 2844 quae
579 2792 732 2844 quidem
763 2792 955 2844 sapientes
983 2797 1196 2843 sequuntur
1216 2790 1311 2829 duee
1340 2796 1495 2840 natura,
1528 2789 1568 2828 in
1591 2789 1735 2842 quibus
1756 2788 1858 2829 nihil
1879 2795 1939 2829 est
1960 2788 2134 2842 profecto
2156 2789 2262 2842 quod

287 2862 609 2915 reprehendatur.
652 2862 912 2914 Eandemque
942 2862 1136 2901 rationem
1165 2861 1353 2901 fidentius
1384 2868 1594 2901 exsecutus
1625 2868 1686 2901 est
1711 2861 1952 2913 Madvigius,
1985 2862 2112 2913 quiin
2135 2862 2262 2901 tribus

289 2937 371 2976 suis
402 2935 643 2975 editionibus
674 2935 770 2974 haec
799 2935 855 2973 ita
884 2933 1146 2987 exprimenda
1176 2935 1329 2973 curavit
1357 2935 1550 2986 sapientes
1586 2942 1801 2986 sequuntur
1835 2932 2005 2984 [utentes
2040 2932 2263 2986 tamquam]

289 3009 384 3048 duce
411 3014 567 3060 natura,
599 3009 774 3048 retinens
805 3021 894 3046 eum
930 3006 1110 3046 ordinem
1145 3007 1355 3047 verborum
1391 3006 1458 3058 qui
1492 3013 1554 3046 est
1591 3007 1631 3045 in
1669 3007 1834 3046 vetustis
1870 3005 2132 3045 editionibus:
2170 3020 2260 3044 nam
