2634 3457
1307 65 1328 104 7

330 174 432 214 falso
454 175 632 214 nonnulli
660 174 755 214 libri
779 173 1034 225 addiderunt3
1067 174 1227 214 affertur
1253 175 1359 215 enim
1386 175 1459 216 sub
1481 175 1596 214 titulo
1617 175 1784 214 Dierum
1804 175 1997 214 dictarum
2026 189 2102 214 una
2122 188 2168 214 ea
2188 189 2306 228 quam

332 244 471 284 habuit
499 246 545 285 de
573 246 776 286 consulatu
804 259 889 295 su0,
918 258 1019 297 quae
1047 246 1097 285 ab
1128 245 1265 285 eodem
1295 247 1414 286 etiam
1436 248 1494 286 sic
1515 247 1748 299 simpliciter
1768 248 1925 286 citatur.
2004 247 2063 286 Id.
2091 262 2127 299 p.
2155 248 2252 297 229,
2281 249 2305 286 9

329 318 383 356 At
404 331 479 370 pro
505 326 631 357 autem
655 317 836 356 Licinius
863 317 1004 356 Calvus
1029 320 1072 356 in
1096 318 1147 356 P.
1175 318 1371 357 Vatinium
1397 319 1617 365 ambitus;
1650 319 1718 357 ubi
1744 320 1837 358 item
1865 320 1966 358 falso
1998 333 2107 358 reum
2131 319 2303 365 addunt3

328 404 420 429 nam
441 389 667 429 addendum
688 389 788 428 nihil
809 396 880 440 est,
902 389 1139 440 intelligitur
1159 397 1290 430 autem
1311 393 1498 441 oratione,
1526 392 1560 430 si
1582 390 1741 443 quidem
1762 391 1928 430 ambitus
1950 393 2076 431 oratio
2096 398 2176 430 tam
2198 397 2304 430 recte

328 475 447 513 quam
476 463 601 501 oratio
627 462 674 500 de
699 460 846 500 ambitu
875 461 1112 514 appellatur3
1149 462 1253 514 quod
1283 477 1407 514 genus
1437 461 1485 502 O.
1514 462 1679 502 Iahnius
1708 463 1758 501 ad
1787 470 1884 503 orat.
1913 464 1982 514 31,
2013 465 2091 502 111
2123 463 2303 516 pluribus

328 535 459 574 verbis
481 534 708 574 declaravit.
779 533 838 573 Id.
859 534 949 585 190,
971 533 995 573 8
1025 533 1149 573 Iulius
1168 534 1367 573 Romanus
1387 537 1444 574 ita
1463 535 1583 586 refert
1602 535 1649 573 de
1669 534 1852 574 adverbio
1869 534 1937 573 sub
1955 535 2064 574 titulo
2086 532 2283 586 ἀφορμῶν
2291 552 2303 582 ,·

327 620 363 658 p.
386 607 484 656 209,
513 606 566 645 20
598 637 607 645 .
631 637 639 645 .
664 637 670 645 .
693 607 884 645 rationem
913 607 1069 658 penitus
1101 607 1279 656 invisere,
1310 607 1356 646 de
1384 608 1576 646 consortio
1600 608 1941 659 praepositionum
1972 621 2101 659 quem
2130 608 2305 659 adaeque

327 678 395 718 sub
425 678 535 717 titulo
565 675 760 730 ἀφορμῶν
789 678 984 728 dedimus,
1017 678 1139 731 leqere
1158 692 1236 718 non
1253 686 1452 731 9ravetur.
1530 679 1746 719 Diomedes
1775 693 1811 731 p.
1835 680 1933 729 518,
1961 679 2014 719 26
2047 687 2168 719 metra
2204 693 2304 732 quae

327 750 491 789 Horatii
517 763 658 803 corpus
689 752 856 789 continet
889 751 994 802 quod
1027 753 1279 790 carminum
1307 752 1554 798 inscribitur3
1591 752 1685 791 ibid.
1714 752 1805 802 527,
1836 753 1888 791 34
1923 751 2020 790 liber
2048 753 2206 804 quintus
2236 754 2307 804 qui

327 822 505 874 epodon
524 822 764 871 inscribitur,
787 822 835 860 cf.
853 821 976 860 Keilii
999 822 1088 860 adn.
1132 821 1245 870 Quae
1267 823 1300 861 si
1321 831 1427 861 recte
1448 824 1766 875 interpretamur,
1790 823 2026 873 intelligitur
2043 837 2142 874 quae
2164 823 2304 862 scribit

328 892 534 933 Charisius
555 907 592 945 p.
610 894 702 943 202,
725 894 777 932 26
792 891 1031 945 ‘impariter'
1048 894 1240 932 Horatius
1260 894 1585 946 Epistolarum
1599 893 1803 933 “versibus
1823 895 2030 946 impariter
2050 891 2240 944 iunetis’',
2264 901 2303 932 et

326 981 363 1018 p.
386 966 477 1016 229,
510 967 559 1005 15
595 965 660 1004 An
687 980 760 1018 pro
791 980 876 1004 cum
902 966 1018 1005 Maro
1048 965 1293 1005 bucolicon
1316 964 1412 1005 “An
1437 967 1535 1006 mihi
1560 963 1782 1006 cantando³³
1812 972 1885 1005 cet.
1913 965 2032 1017 plena
2058 979 2145 1005 esse
2174 979 2302 1018 neque

327 1038 404 1079 sibi
431 1037 526 1091 quid
552 1037 645 1078 addi
671 1037 883 1091 postulare,
911 1052 991 1077 non
1017 1051 1131 1077 secus
1160 1043 1279 1090 atque
1306 1037 1402 1077 haec
1429 1038 1534 1091 apud
1560 1038 1728 1077 eundem
1754 1052 1791 1090 p.
1815 1039 1885 1089 65,
1916 1039 1965 1077 13
1992 1039 2102 1090 apud
2126 1045 2302 1076 auctores

325 1124 461 1163 maryo
489 1110 704 1148 masculino
734 1123 886 1162 quoque
911 1110 1056 1148 dicitur
1077 1123 1227 1161 9enere,
1258 1118 1301 1148 ut
1326 1112 1437 1163 apud
1463 1111 1648 1150 Ovidium
1669 1110 1862 1149 “brachia
1888 1111 2001 1162 lonyo
2028 1107 2237 1162 marqine”
2269 1118 2303 1149 et

325 1183 558 1234 frequenter
585 1182 709 1221 Varro
731 1196 884 1221 rerum
903 1184 1187 1221 rusticarum
1206 1184 1275 1232 sic,
1298 1188 1365 1221 aut
1385 1197 1422 1234 p.
1444 1184 1508 1231 81,
1534 1184 1583 1224 18
1610 1192 1644 1223 et
1664 1184 1798 1222 Macer
1818 1183 2016 1222 theriacon
2035 1181 2179 1234 “lonqo
2200 1196 2301 1221 reso-

324 1256 461 1293 nantia
482 1254 598 1293 sibila
619 1251 747 1293 collo’'
778 1254 844 1293 ubi
865 1254 954 1293 vide
970 1253 1094 1293 Keilii
1113 1254 1205 1293 adn.
1276 1254 1505 1293 Macrobius
1528 1252 1611 1294 Sat.
1632 1267 1660 1293 v
1684 1256 1745 1304 18,
1770 1256 1818 1293 11
1841 1255 2052 1307 Euripidis
2072 1256 2300 1304 auctoritas,

276 1348 278 1350 v
327 1340 444 1378 quam
464 1326 664 1379 Didymus
682 1328 962 1378 92·ammatious
981 1328 1024 1365 in
1044 1327 1103 1365 his
1124 1327 1234 1365 libris
1256 1340 1353 1378 quos
1373 1327 1696 1380 τραγῳδουμένης
1716 1328 1856 1374 λέξεως
1881 1328 2041 1379 scripsit
2059 1326 2300 1379 (inscripsit)

325 1400 457 1451 posuit
475 1398 534 1438 liis
553 1398 691 1439 verbis.
732 1396 856 1439 Cuius
883 1398 1057 1450 genetivi
1084 1413 1178 1440 usus
1205 1412 1283 1452 quo
1308 1399 1435 1451 magis
1462 1398 1735 1452 perspiciatur,
1763 1413 1842 1438 non
1870 1398 2108 1451 negligenda
2133 1405 2225 1437 sunt
2250 1413 2300 1438 ne

327 1470 423 1509 talia
443 1470 603 1522 quidem
630 1470 762 1523 qualia
782 1470 910 1509 Varro
932 1471 1072 1509 scribit
1093 1471 1140 1509 de
1161 1471 1297 1522 lingua
1317 1471 1464 1509 Latina
1482 1483 1557 1510 vm
1578 1473 1632 1510 60
1665 1471 1713 1509 Ut
1737 1473 1780 1509 in
1800 1472 1859 1509 his
1880 1471 2160 1522 sinyularibus,
2183 1473 2239 1509 sic
2257 1473 2299 1509 in

326 1544 600 1589 multitudinis,
621 1550 660 1581 et
676 1543 799 1581 multa
820 1543 976 1593 similia,
1005 1548 1073 1581 aut
1092 1556 1193 1595 quae
1211 1541 1352 1582 Cicero
1373 1543 1421 1581 de
1442 1549 1522 1581 nat.
1546 1542 1652 1581 deor.
1673 1555 1719 1581 111
1739 1543 1802 1589 34,
1827 1543 1880 1581 84
1899 1544 1942 1581 in
1962 1543 2102 1594 quibus
2118 1542 2298 1591 (mensis)

327 1631 412 1654 cum
430 1630 535 1655 more
554 1618 690 1655 veteris
714 1615 903 1655 Graeciae
921 1617 1153 1667 inscriptum
1174 1623 1268 1655 esset
1291 1627 1495 1656 BONORUM
1514 1627 1700 1665 DEORUM,
1730 1616 1874 1667 quibus
1901 1615 2186 1668 comparabilia
2206 1622 2299 1656 sunt

327 1694 366 1728 et
389 1687 488 1728 haec
517 1686 682 1728 Diodori
706 1699 763 1728 xx
790 1687 854 1739 46,
878 1687 902 1728 2
932 1687 1179 1740 ἐψηφίσαντο
1202 1718 1210 1727 .
1233 1718 1242 1727 .
1263 1688 1329 1727 καὶ
1354 1685 1491 1738 βωμὸν
1516 1685 1800 1738 ἱδρυσαμένους
1826 1687 2140 1738 προσαγορεῦσαι
2165 1686 2298 1739 Σωτή-

327 1775 420 1812 ρων,
441 1766 480 1799 et
499 1760 569 1799 illa
588 1761 713 1813 ipsius
735 1759 940 1799 Ciceronis
970 1760 1017 1799 de
1038 1761 1191 1810 legibas
1211 1772 1242 1800 11
1262 1761 1326 1809 23,
1349 1760 1401 1798 58
1431 1762 1473 1798 in
1494 1773 1538 1798 ea
1564 1762 1753 1811 scriptum
1774 1760 1921 1797 lamina
1946 1771 2144 1799 Hoxoms.
2191 1758 2298 1807 Quo-

325 1847 413 1871 rum
434 1834 614 1883 exemplo
635 1834 813 1883 patefieri
834 1841 1018 1883 putamus
1039 1833 1266 1883 genetivum
1287 1833 1326 1870 in
1348 1832 1473 1870 titulis
1494 1832 1685 1871 librorum
1706 1847 1776 1884 per
1796 1847 1838 1871 se
1860 1830 1988 1871 solum
2008 1830 2102 1883 poni
2124 1830 2296 1882 solitum,

326 1904 367 1943 id
387 1904 492 1955 quod
513 1904 781 1956 compluribus
802 1903 1040 1943 testimoniis
1062 1917 1197 1943 eorum
1218 1917 1318 1955 quae
1340 1917 1458 1955 supra
1478 1902 1598 1942 allata
1618 1908 1710 1942 sunt
1730 1902 1974 1942 subindicari
1998 1902 2191 1941 videatur.

524 2058 565 2086 Η.
610 2045 673 2085 De
703 2044 936 2085 officiorum
966 2047 1096 2096 libris,
1135 2047 1280 2098 quibus
1310 2046 1408 2085 nulli
1445 2060 1570 2098 paene
1601 2046 1775 2084 Tulliani
1806 2046 1933 2096 magis
1965 2046 2163 2084 uncinatis
2194 2046 2298 2084 notis

326 2120 554 2158 criticorum
584 2119 777 2158 beneficio
807 2119 935 2157 ornati
963 2125 1002 2157 et
1032 2118 1210 2157 distincti
1241 2125 1344 2166 sunt,
1378 2133 1466 2157 cum
1488 2119 1611 2157 multa
1631 2125 1936 2170 praetereamus,
1969 2131 2069 2169 quae
2091 2117 2236 2156 iniuria
2256 2117 2297 2156 in

326 2191 592 2243 suspicionem
621 2189 712 2229 falsi
741 2197 855 2241 rapta
884 2196 922 2228 et
952 2190 1102 2229 auctori
1123 2203 1193 2229 suo
1215 2190 1400 2242 adempta
1429 2190 1544 2229 nobis
1575 2189 1770 2240 videntur,
1803 2189 1900 2228 duos
1931 2189 2040 2229 locos
2070 2203 2149 2228 non
2179 2189 2297 2228 nimis

325 2261 570 2315 ponderosos
597 2261 820 2313 disceptare
847 2262 1079 2300 conabimur
1104 2262 1259 2312 paucis,
1298 2262 1365 2313 qui
1396 2262 1480 2300 sive
1510 2260 1717 2299 emendate
1748 2260 1886 2312 scripti
1916 2267 2008 2299 sunt
2038 2261 2122 2299 sive
2152 2259 2295 2298 mendo

324 2334 519 2384 laborant,
541 2333 616 2372 hoc
637 2334 714 2372 nisi
734 2333 909 2371 fallimur
925 2340 1031 2371 certo
1052 2332 1303 2384 patefacient,
1326 2332 1577 2384 expungendi
1599 2332 1759 2383 quidem
1780 2345 1942 2383 operam
1963 2332 2003 2370 in
2027 2332 2075 2370 iis
2103 2331 2296 2370 inutiliter

326 2413 364 2446 et
393 2420 513 2459 prave
543 2420 630 2445 esse
661 2405 906 2444 collocatam.

521 2478 644 2517 Libro
674 2490 721 2518 111
749 2477 816 2529 20,
837 2477 861 2517 8
891 2476 989 2516 haec
1020 2475 1126 2516 edita
1155 2481 1247 2516 sunt
1276 2490 1300 2515 a
1327 2474 1520 2515 Muellero

655 2549 762 2600 Quid
775 2550 898 2603 iqitur
910 2561 1164 2602 possumusne
1183 2554 1251 2587 aut
1269 2547 1381 2587 illum
1396 2547 1571 2586 Marium
1589 2549 1717 2586 virum
1737 2546 1879 2585 bonum
1897 2547 2073 2585 iudicare
2088 2554 2157 2585 aut
2171 2547 2296 2585 hunc?

653 2623 806 2676 explica
825 2630 939 2676 atque
958 2629 1088 2662 excute
1105 2621 1399 2674 intelliqentiam
1420 2627 1539 2669 tuam,
1566 2628 1609 2658 ut
1633 2620 1765 2658 videas
1786 2633 1884 2671 quae
1904 2620 1954 2658 sit
1974 2621 2016 2657 in
2037 2633 2081 2657 ea
2097 2616 2268 2672 [species
2265 2617 2296 2669 ]

642 2696 784 2747 forma
813 2703 846 2734 et
874 2697 980 2734 notio
1009 2696 1089 2733 viri
1116 2694 1226 2740 bom·;

325 2765 430 2805 idem
450 2766 491 2805 in
513 2766 755 2818 praefatione
776 2766 950 2816 adnotat,
981 2780 1051 2819 pro
1071 2766 1215 2819 species
1236 2763 1341 2818 quod
1361 2764 1446 2816 ipse
1466 2762 1634 2814 induxit,
1658 2763 1757 2803 alios
1780 2762 1896 2802 malle
1914 2762 2057 2814 forma
2077 2762 2296 2802 insiticium

324 2837 487 2887 habere3
513 2837 647 2891 itaque
667 2838 838 2879 vinculis
860 2839 909 2878 ab
931 2838 1055 2878 altera
1076 2851 1171 2878 voce
1192 2836 1345 2877 tralatis
1366 2836 1416 2876 ad
1436 2835 1600 2875 alteram
1620 2836 1660 2875 in
1682 2835 1831 2875 Baiteri
1854 2835 2069 2887 exemplari
2090 2835 2235 2887 legitur
2254 2837 2297 2874 in

325 2924 370 2948 ea
385 2911 529 2962 species
544 2907 720 2959 [forma]
736 2918 772 2949 et
784 2912 901 2949 notio.
942 2908 1059 2958 Quod
1081 2910 1146 2961 qui
1167 2909 1452 2961 praeferebant,
1475 2914 1658 2960 poterant
1674 2908 1852 2959 exemplo
1875 2908 1931 2946 uti
1952 2907 2058 2960 quod
2080 2907 2128 2946 de
2148 2908 2295 2947 finibus

324 2994 353 3021 v
381 2982 444 3033 24,
478 2982 530 3021 69
565 2983 605 3021 in
641 2984 756 3022 bonis
791 2983 996 3023 codicibus
1031 2984 1210 3034 speciem,
1248 2982 1288 3021 in
1324 2980 1563 3021 deteriorum
1598 2979 1733 3020 multis
1765 2979 1938 3028 formam
1972 2985 2177 3019 exaratum
2219 2984 2295 3018 est.
